1668 3053
243 158 304 202 82
534 170 696 209 NOTAE
732 175 803 213 ET
838 175 1270 213 EMENDATIONES

309 287 343 312 ¹⁵
383 287 685 339 Germaniam
722 295 951 358 Peteret.]
989 294 1220 343 Nondum
1258 296 1368 343 satis
1409 297 1563 344 valida

243 352 377 399 ratio.
447 353 604 403 Rudes
643 359 925 423 barbarique
968 362 1184 408 homines
1224 371 1348 408 tutas
1387 364 1565 423 potius,

244 421 389 480 quam
412 421 563 477 laetaS,
599 424 731 472 sedes
754 427 1028 488 quaesivere.
1097 426 1338 473 Indeloca
1357 427 1567 482 horrida,

244 499 355 545 quae
389 487 476 541 vix,
509 488 710 536 habitari
743 507 880 552 posse
916 492 1230 548 crederemus,
1267 509 1296 538 a
1327 493 1567 539 nonnullis

244 551 535 598 antehabita.
625 553 812 612 Fateor,
890 557 1169 617 gratissimae
1249 566 1358 603 sunt
1411 556 1566 612 Asiae,

243 613 446 671 Africae,
483 616 734 681 Italiaeque
772 623 918 668 sedes.
987 622 1058 668 At
1096 638 1253 684 neque
1288 622 1449 668 statim
1482 620 1567 668 flo-

245 690 398 727 rentes
433 682 579 739 fuere,
629 687 711 731 sed
745 687 888 741 lente,
937 686 1205 747 vigentibus
1242 687 1470 749 imperiis,
1523 697 1570 734 et

244 745 406 792 adulto
428 748 559 794 luxu.
629 748 868 798 Praeterea
884 768 974 798 nec
999 753 1143 798 illaeta
1166 750 1443 806 Germania,
1479 769 1571 800 nec

245 811 340 857 'suis
377 822 505 859 caret
542 817 827 863 commodis:
865 818 1011 863 immo
1048 817 1157 863 viris
1192 818 1451 879 virtutique
1486 835 1570 880 ap-

242 876 436 924 tissima.
507 878 650 926 Adde
671 897 768 927 non
791 882 950 928 statim
989 883 1174 928 relictas
1212 883 1345 929 sedes
1384 883 1570 930 laetissi-

243 958 362 997 mas,
399 952 454 989 ut
478 944 704 992 tristiores
733 957 1104 1009 occuparentur:
1144 948 1242 1002 sed,
1279 956 1332 994 ut
1365 948 1413 994 in
1451 947 1571 995 Ger-

244 1008 420 1063 mania,
484 1009 543 1054 de
589 1012 684 1072 qua
726 1028 856 1059 nunc
902 1012 1074 1074 agitur,
1126 1011 1366 1069 immorer,
1433 1013 1572 1068 Asia,

243 1073 520 1121 hominibus
564 1075 696 1130 foeta,
765 1078 977 1138 primum
1023 1078 1072 1123 in
1114 1076 1364 1141 Scythiam
1401 1078 1569 1126 effusa:

243 1136 443 1200 Scythia
471 1139 521 1185 in
559 1143 903 1188 conterminam
935 1141 1267 1189 Germaniam:
1307 1160 1363 1190 ac.
1398 1144 1574 1206 siquid

244 1203 730 1268 decessit'voluptati,
784 1208 992 1254 accrevit
1035 1208 1339 1263 humanitati,
1387 1217 1442 1255 ut
1471 1217 1573 1256 toto

242 1269 337 1315 hoc
360 1270 482 1317 libro
506 1271 921 1321 demonstrabitur.

311 1400 346 1427 ¹⁶
375 1401 675 1450 Carminibus
690 1403 936 1467 antiquis]
975 1403 1215 1452 Omnibus
1229 1411 1353 1451 retro
1369 1404 1576 1460 saecuh's,

245 1473 294 1512 et
318 1468 448 1529 apud
469 1468 691 1516 barbaras
722 1485 888 1517 omnes
923 1479 1106 1532 gentes,
1143 1479 1196 1516 ut
1230 1487 1292 1517 ex
1330 1469 1577 1516 Americae

244 1533 435 1593 populis
462 1534 599 1580 nobis
627 1535 786 1582 adhuc
816 1544 1136 1597 compertum,
1186 1535 1315 1582 idem
1350 1535 1440 1581 fuit
1475 1550 1576 1581 car-

245 1598 431 1646 minum
465 1615 593 1655 usus,
643 1601 1037 1648 eadem‘utilitaS.
1109 1600 1308 1647 Carolus
1341 1598 1580 1663 blagnus,

245 1671 366 1709 teste
388 1663 682 1726 Eginhardo,
719 1666 768 1712 in
791 1667 893 1729 ejus
910 1667 1023 1721 vita,
1062 1682 1166 1729 cap.
1190 1670 1266 1718 29.
1307 1666 1510 1712 barbara
1532 1673 1576 1710 el

248 1729 573 1790 a'nsz‘quz‘ssima
596 1733 826 1787 carmina,
864 1733 1026 1794 quibus
1044 1740 1248 1778 veterum
1268 1747 1428 1793 regum
1448 1738 1577 1778 oclus

247 1801 293 1838 ἑϊ
311 1795 429 1841 bella
444 1797 748 1853 canebantur,
764 1799 968 1859 scrisisz't,
985 1798 1303 1859 memorz'aeque
1318 1796 1572 1842 mandavit.

254 1937 265 1943 “
314 1927 347 1951 ¹⁷
379 1926 688 1990 Tuistonem]
717 1927 795 1975 De
809 1927 1042 1975 Tuistone
1057 1929 1254 1990 ejusque
1268 1926 1368 1973 filio
1386 1924 1577 1973 hlanno

246 1991 354 2037 vide
384 1991 537 2039 Notas
568 2001 616 2040 et
645 1994 1018 2040 Emendationes
1048 1994 1108 2039 ad
1136 2009 1242 2055 cap.
1265 1997 1309 2038 Q.
1382 1990 1460 2037 Ita
1473 1990 1573 2038 Ms.

244 2054 405 2104 Vatic.
450 2061 569 2104 1518
596 2067 644 2106 et
665 2061 806 2122 vulgo
829 2059 936 2105 libri
960 2059 1073 2106 editi
1097 2067 1273 2121 praeter
1304 2057 1575 2113 Ernestuni,

248 2123 330 2182 qui
355 2139 398 2179 e,
417 2122 518 2170 Ms.
534 2123 698 2173 Turic.
716 2124 837 2171 Cod.
863 2122 1023 2186 Kapp.
1063 2133 1107 2170 et
1133 2126 1210 2177 ed,
1239 2122 1392 2185 Rhag.
1431 2122 1578 2168 edidit

254 2187 542 2235 Tuisconem.
596 2188 695 2238 Ms.
742 2189 901 2237 Vatic.
953 2189 1092 2244 1862,
1169 2189 1459 2236 Trz‘stonem:
1529 2189 1578 2234 in

247 2254 479 2316 margine,
523 2256 763 2303 Tuisman.
800 2254 900 2301 Ms.
930 2254 1090 2302 Vatic.
1131 2256 1270 2309 1498,
1322 2253 1575 2299 Bistonem.

248 2316 424 2365 Utrum
450 2329 608 2366 autem
626 2321 871 2367 Tuistonis
888 2322 1082 2367 nomine
1103 2321 1248 2366 lateat
1270 2317 1382 2373 Dei,
1420 2334 1577 2364 rerum

247 2385 460 2431 omnium
479 2387 753 2443 conditoris,
788 2386 1017 2432 memoria
1027 2407 1040 2441 3
1079 2384 1391 2446 Mannusque
1409 2383 1578 2430 referat

248 2451 320 2496 rel
344 2449 523 2506 Adam,
560 2452 756 2513 ejusque
785 2460 877 2498 tres
904 2450 1029 2497 filios
1052 2449 1192 2506 Cain,
1227 2449 1355 2496 Abel
1379 2456 1425 2495 et
1446 2447 1576 2504 Seth,

247 2515 320 2561 vel
360 2515 468 2562 Noe
508 2518 555 2562 et
591 2518 691 2577 ejus
712 2517 892 2571 vliberos
926 2515 1051 2571 Sem,
1089 2515 1243 2562 Cham
1269 2523 1315 2561 et
1338 2512 1572 2576 Japheth:

248 2598 310 2626 an
331 2579 516 2638 Tuisto,
552 2590 607 2629 ut
635 2583 779 2629 sensit
808 2581 879 2629 Cl.
915 2581 1201 2636 Leibnitius‚
1240 2581 1299 2629 sit
1326 2581 1427 2642 ipse
1448 2578 1578 2630 Teut
