1668 3053
286 170 346 217 66
666 187 711 224 c.
742 187 997 229 CORNELII
1025 191 1213 228 TAC1T1

283 284 473 338 auxilia,
512 302 620 348 quae
663 299 772 338 octo
810 294 957 340 millia
1000 301 1148 347 erant,
1203 291 1409 339 mediam
1443 292 1593 339 aciem

283 366 546 416 firmarent:
585 373 796 434 equitum
834 375 923 422 tria
961 376 1122 429 millia,
1160 375 1384 421 cornibus
1429 375 1594 422 adfun-

283 447 524 495 derentur:
563 452 770 513 legiones
800 472 884 516 pro
911 455 1031 500 vallo
1066 462 1249 509 stetere,
1301 454 1467 517 ingens
1497 456 1594 502 vic-

281 533 418 579 toriae
437 535 580 581 decus
602 536 717 582 citra
739 535 1002 584 Romanum
1027 537 1358 598 sangui11em²³¹
1382 535 1594 592 bellanti,

278 622 328 660 et
363 616 606 671 auxilium,
653 618 688 663 si
731 618 1024 679 pellerentur.
1108 617 1439 665 Britannorum
1474 618 1601 665 acies

281 696 326 741 in
366 696 574 757 speciem
613 700 750 745 simul
796 716 851 746 ac
897 709 1122 746 terrorem
1167 700 1443 747 editioribus
1480 700 1596 747 locis

282 779 570 833 constiterat,
621 779 685 826 ita
719 790 772 827 ut
805 782 1011 844 primum
1047 799 1220 844 agmen
1257 799 1415 846 aequo,
1453 783 1595 830 ceteri

278 875 364 920 per
406 861 586 907 acclive
622 863 796 924 jugum
851 864 1054 910 connexi
1104 865 1229 910 velut
1277 866 1593 927 insurgerent:

279 942 435 987 media
471 943 625 1004 campi
665 944 984 991 covinarius24²
1019 954 1065 992 et
1097 962 1240 1007 eques
1292 946 1491 1008 strepitu
1538 964 1597 994 ac

280 1022 492 1070 discursu
529 1025 812 1086 complebat.
881 1024 1009 1071 Tum
1045 1026 1292 1088 Agricola,
1347 1037 1599 1089 superante

281 1105 487 1151 hostium
504 1106 822 1160 multitudine,
860 1107 1048 1162 veritus,
1085 1124 1143 1153 ne
1160 1107 1295 1154 simul
1313 1108 1361 1154 in
1375 1108 1595 1165 frontem,

279 1187 419 1233 simul
467 1195 513 1233 et
569 1188 713 1234 latera
765 1204 953 1236 suorum
1015 1198 1324 1252 pugnaretur,
1394 1191 1602 1238 diductis

281 1271 536 1325 ordinibus,
575 1287 863 1334 quamquam
886 1274 1147 1334 porrectior
1163 1275 1289 1320 acies
1303 1273 1458 1321 futura
1481 1284 1595 1331 erat,

281 1359 328 1396 et
365 1359 397 1379 “
435 1353 765 1400 arcessendas'’
805 1355 1018 1416 plerique
1070 1362 1101 1382 “
1141 1355 1384 1418 legiones''
1434 1355 1594 1403 admo-

277 1435 473 1489 nebant,
510 1437 771 1498 promptior
806 1438 855 1483 in
891 1453 1039 1499 spem,
1089 1446 1136 1484 et
1174 1437 1339 1485 firmus
1375 1436 1592 1493 adversis,

279 1515 471 1563 dimisso
494 1532 617 1579 equo
640 1517 784 1583 pedes
807 1526 916 1564 ante
939 1518 1109 1565 vexilla
1131 1518 1357 1565 constitit.

342 1677 592 1726 XXXVI.
629 1679 709 1726 Ac
746 1680 900 1742 primo
937 1695 1190 1743 congressu
1224 1681 1407 1730 eminus
1443 1689 1593 1730 certa-

278 1761 438 1807 batur:
498 1760 634 1807 simul
692 1762 972 1816 constantia,
1030 1763 1166 1809 simul
1213 1770 1310 1810 arte
1360 1762 1592 1820 Britanni,

261 1843 550 1904 ingentibus
588 1843 769 1904 gladiis,
819 1851 866 1889 et
901 1844 1119 1891 brevibus
1157 1845 1595 1900 cetrisfffl—missilia

276 1932 540 1970 nostrorum
555 1925 715 1978 vitare,
740 1925 812 1971 vel
837 1933 1077 1978 excutere,
1102 1933 1244 1988 atque
1263 1926 1350 1988 ipsi
1368 1942 1593 1989 magnam

278 2005 373 2052 vim
411 2007 612 2053 telorum
649 2006 1004 2069 superfundere:
1043 2007 1195 2054 donec
1235 2007 1465 2070 Agricola
1499 2016 1593 2055 tres

278 2085 562 2135 Batavorum
598 2090 832 2144 cohortes,
872 2106 928 2136 ac
963 2088 1324 2152 Tungrorumm
1360 2091 1476 2137 duas
1511 2108 1591 2138 co-

278 2168 489 2215 hortatus
528 2178 614 2225 est,
665 2178 718 2216 ut
753 2186 851 2216 rem
891 2170 951 2216 ad
985 2186 1236 2218 mucrones
1271 2186 1327 2217 ac
1370 2170 1595 2218 manusffl*5

279 2249 589 2297 adducerent:
669 2252 796 2313 quod
850 2259 898 2298 et
953 2252 1065 2312 ipsis
1123 2260 1354 2299 vetustate
1407 2251 1591 2298 militiae

278 2332 605 2387 exercitatum,
643 2341 690 2379 et
712 2333 925 2380 hostibus
959 2333 1166 2380 inhabile
1201 2350 1345 2395 parva.
1379 2340 1514 2381 scuta
1546 2340 1595 2379 et

278 2429 492 2459 enormes
535 2414 716 2475 gladios
754 2414 1047 2475 gerentibus:
1107 2430 1217 2460 nam
1260 2412 1596 2461 Britannorum

278 2495 421 2557 gladii
442 2496 540 2542 sine
557 2496 839 2543 mucrone-²¹*6
863 2496 1168 2558 complexum
1192 2511 1445 2551 armorum,
1480 2504 1529 2541 et
1546 2494 1595 2540 in

278 2576 464 2625 arcto²4⁷
482 2591 694 2640 pugnam
711 2592 808 2624 non
823 2577 1102 2626 tolerabant.
1173 2575 1343 2639 Igitur,
1361 2583 1414 2624 ut
1429 2574 1595 2623 Batavi
