1668 3053
151 185 247 233 216
455 195 621 235 NOTAE
656 197 729 233 ET
764 197 1204 237 EMENDATmNsss

154 298 303 348 XIV.
330 304 374 346 2.
448 299 626 346 Fabius
657 298 899 356 Rusticus,
945 317 1044 348 non
1067 300 1377 364 Agrippinae,
1415 302 1498 349 sed

155 364 340 413 Neroni
367 368 588 429 cupitum
612 366 659 412 id
684 375 935 421 memorat,
972 368 1283 430 ejusdemque
1311 366 1496 414 libertae

156 441 261 479 astu
285 432 557 495 disjectum.
596 432 730 479 Ann.
750 449 863 494 pag.
889 433 994 478 148.
1034 433 1128 480 Ed.
1187 431 1307 479 Sane
1324 431 1499 479 Fabius

164 498 366 544 inclinat
400 498 461 544 ad
496 499 660 545 laudes
697 497 895 545 Senecae
930 499 1066 561 cujus
1090 498 1304 546 amicitia
1324 497 1499 545 floruit.

162 564 290 610 Ann.
311 563 464 611 XIII.
486 568 562 610 20.
590 581 702 628 pag.
728 567 833 611 111.
872 564 967 611 Ed.

227 698 262 723 ⁶⁵
305 698 521 763 Oblongae
556 700 750 747 scntulae
786 701 861 746 vel
897 700 1122 763 bzPenness]
1180 699 1285 747 Has
1322 701 1502 764 figuras

163 771 430 826 utcumque
454 764 623 812 referet
646 765 911 821 Britannia,
954 767 990 813 si
1023 767 1143 813 citra
1170 765 1502 822 Caledoniam,

167 829 390 885 l²Ecosse,
442 847 548 878 eam
578 832 855 893 inspexeris.
927 831 996 878 At
1021 832 1069 878 in
1093 832 1164 879 his
1187 831 1355 895 figuris
1378 834 1507 880 haud

166 897 274 957 plus
291 898 515 952 veritatis,
549 900 694 960 quam
720 897 769 943 in
789 896 1144 960 Geographicis
1166 898 1358 955 tabulis,
1395 915 1506 962 quae

166 960 388 1024 Belgium
412 963 499 1010 sub
525 964 676 1009 forma
699 964 848 1011 leonis
873 965 1149 1010 exhibuere.

230 1085 266 1110 ⁶5
302 1086 365 1132 In
403 1103 595 1134 cuneum
633 1088 900 1151 tenuatur]
941 1087 1074 1135 Bene
1112 1087 1322 1150 quidem.
1394 1085 1508 1135 Pars

168 1152 315 1198 altera
360 1151 643 1209 Britanniae,
697 1152 873 1209 Scoffia,
933 1155 983 1200 in
1022 1170 1231 1202 cuneum
1266 1162 1507 1207 tenuatur,

166 1219 357 1264 australi
382 1217 644 1271 Britanniae
670 1228 805 1282 parte
828 1220 1088 1283 angustior.

233 1349 268 1375 ⁶⁷
306 1350 636 1416 Adfirmavit]
694 1352 752 1400 Id
788 1354 941 1400 multo
978 1355 1088 1401 ante
1129 1354 1398 1416 cognitum,
1455 1363 1511 1400 ut

171 1424 359 1463 constat
399 1433 460 1463 ex
506 1419 856 1481 antiquioribus
893 1420 1228 1482 scriptoribus:
1280 1421 1363 1466 sed
1400 1421 1511 1467 curn

170 1491 288 1528 tunc
314 1484 521 1544 primum
561 1483 781 1533 Romana
819 1487 979 1533 classis
1017 1485 1317 1532 Britanniam
1351 1486 1516 1533 fuisset

172 1547 513 1606 circumvecta,
540 1551 587 1596 id
611 1551 934 1599 adfirmatum.
1006 1551 1084 1598 De
1103 1553 1194 1598 hac
1211 1552 1517 1614 navigatione

174 1614 362 1665 dicetur
372 1616 519 1663 fusius
532 1618 581 1663 in
590 1616 733 1664 Notis
744 1628 789 1665 et
801 1618 1232 1665 Emendationibus
1247 1619 1305 1664 ad
1323 1622 1514 1680 capQS.

182 1679 284 1727 [⁷220
303 1684 608 1746 renzzgrante.
684 1685 703 1729 J
711 1693 760 1730 ta
774 1684 881 1731 libri
900 1701 1066 1731 omnes
1084 1684 1217 1739 editi,
1242 1693 1421 1745 praeter
1436 1683 1511 1733 Cl.

173 1744 473 1804 Lallemand,
511 1750 594 1811 qui
619 1749 767 1796 edidit
795 1752 1074 1813 remigante,
1113 1750 1232 1797 forte
1261 1766 1515 1812 operarum

173 1829 351 1863 errore:
408 1831 521 1861 nam
545 1816 595 1862 in
619 1816 743 1862 notis
765 1817 963 1863 minime
986 1825 1153 1863 monet
1177 1832 1226 1862 se
1249 1816 1515 1879 quidquam

173 1886 396 1927 mutasse.
467 1880 539 1927 At
575 1882 672 1928 sive
708 1882 869 1937 errori,
906 1882 1002 1929 sive
1039 1882 1355 1944 conjecturas,
1391 1882 1517 1930 favet

174 1943 275 1990 Ms.
293 1945 412 1993 liber
425 1945 692 1994 Vaticanus
706 1949 853 2002 3499,
889 1949 971 2010 qui
997 1949 1143 1994 habet.
1166 1964 1360 2010 quoque
1377 1951 1516 1996 remi*

171 2018 329 2073 ganfe.
401 2011 446 2058 Si
470 2013 576 2075 quis
600 2022 760 2060 tamen
786 2013 845 2060 ad
869 2030 1025 2062 rerum
1051 2014 1220 2061 seriem
1244 2016 1516 2071 attenderit,

174 2078 469 2140 remegrante
516 2095 683 2130 verum
721 2097 777 2127 ac
815 2080 1079 2142 genuinum
1121 2096 1222 2126 esse
1258 2080 1515 2141 judicabit.

175 2140 311 2188 Hinc
327 2145 456 2191 enim
473 2144 551 2191 alii
567 2145 662 2192 duo
681 2146 889 2208 suspecti
905 2154 951 2192 et
968 2145 1228 2193 interfecti:
1268 2145 1382 2192 hinc
1397 2163 1516 2194 non-

175 2207 292 2254 dum
310 2211 505 2273 vulgato
530 2226 735 2267 rumore,
771 2221 824 2259 ut
842 2212 1126 2261 miraculum
1152 2213 1518 2274 praevehuntur:

176 2273 292 2320 hinc
332 2277 519 2323 amissae
560 2293 646 2339 per
678 2278 917 2325 inscitiam
956 2279 1152 2340 regendi
1192 2294 1349 2325 naves.
1420 2278 1517 2324 Ex-

177 2340 391 2401 plicabat
428 2342 623 2405 quidem
659 2343 832 2390 Illustr.
867 2343 1096 2399 Hueffius,
1153 2341 1269 2390 Cz‘cnz
1318 2360 1460 2390 nnnnz
1498 2362 1523 2392 e

173 2407 571 2468 gubernatoribus
589 2412 856 2472 remigrare
881 2409 1306 2468 deprehendissent,
1346 2410 1428 2457 hoc
1451 2418 1521 2457 est

180 2472 423 2530 navimeb,
462 2475 586 2521 unde
601 2477 819 2536 profecta
836 2483 962 2530 erat,
999 2475 1240 2531 reducere,
1278 2477 1394 2523 alios
1411 2477 1522 2524 dnos

178 2548 410 2597 suspectos
452 2541 655 2588 habuere
666 2565 685 2597 ,-
731 2550 991 2602 propterea
1029 2542 1329 2599 interfecere,
1380 2550 1524 2603 atque

180 2604 328 2664 ipsum
346 2608 490 2660 etiam
507 2608 590 2669 qni
605 2608 1102 2672 remtgrareparabat.
1139 2608 1523 2668 Atverz‘sz‘milz'ug
