1668 3053
638 175 921 223 Aomcom.
1368 174 1431 216 55

120 285 303 343 balnea,
340 297 388 335 et
426 286 747 335 conviviorum
785 286 1089 348 elegantiam:
1130 285 1271 346 idque
1306 281 1433 344 apud

121 371 362 433 imperitos
402 378 434 398 “
460 369 759 416 humanitas‘'
819 370 1092 422 vocabatur,
1158 368 1267 413 curn
1304 379 1433 427 pars

121 451 353 499 servitutis
371 460 505 498 esset.
1335 448 1338 451 ’

187 613 362 661 XXII.
400 613 589 660 Tertius
639 612 999 675 expeditionum
1048 611 1251 657 annus¹⁵³
1294 627 1438 657 novas

124 695 343 757 gentesffi*
396 695 595 756 aperuit,
661 694 851 741 vastatis
900 709 1049 755 usque
1109 693 1169 738 ad
1228 692 1439 739 Τεωῐῐι165

126 775 365 835 (aestuario
402 791 576 822 nomen
613 777 700 836 est)
739 775 1032 821 nationibus:
1071 774 1162 836 qufi
1192 775 1440 821 formidine

124 857 270 902 territi
335 857 510 910 hostes,
581 871 868 918 quamquam
920 854 1246 901 conflictatum
1306 857 1440 902 scevis

124 939 486 1001 tempestatibus
535 939 816 992 exercitum,
886 937 1115 983 lacessere
1168 955 1265 984 non
1314 940 1437 984 ausi:

127 1019 451 1082 ponendisque
485 1020 675 1082 insuper
707 1017 906 1065 castellis
939 1020 1143 1081 spatium
1168 1019 1269 1064 fuit.
1338 1020 1441 1066 Ad—

126 1102 357 1146 notabant
393 1101 548 1162 periti,
586 1117 682 1146 non
705 1100 848 1146 alium
872 1100 1043 1146 ducem
1067 1101 1444 1161 opportunitates

128 1181 337 1228 locorum
376 1181 632 1242 sapientius
673 1180 863 1242 legisse:
903 1180 1082 1226 nullum
1119 1182 1178 1226 ab
1217 1180 1446 1243 Agricola

131 1263 336 1325 positum
379 1263 621 1308 castellum
667 1270 747 1307 aut
775 1262 820 1308 vi
857 1262 1064 1308 hostium
1097 1272 1444 1323 expugnatum,

130 1350 211 1388 aut
232 1341 510 1403 pactione¹⁶⁶
535 1358 590 1388 ae
628 1342 740 1404 fuga
770 1342 1019 1388 desertum.
1090 1340 1283 1388 Crebrae
1307 1358 1444 1404 erup—

129 1425 303 1470 tiones:
355 1441 465 1470 nam
509 1425 726 1471 adversus
761 1441 914 1471 moras
954 1424 1231 1478 obsidionis,
1278 1426 1446 1472 annuis

130 1504 278 1565 copiis
297 1503 627 1550 firmabantur:
667 1505 732 1550 ita
748 1504 979 1565 intrepida
1003 1503 1067 1548 ibi
1084 1505 1251 1558 hiems,
1288 1513 1334 1550 et
1356 1504 1445 1551 sibi

132 1585 331 1646 quisque
366 1584 607 1645 praesidio‚
644 1584 794 1630 inritis
830 1583 1060 1637 hostibus,
1097 1584 1245 1644 eoque
1282 1583 1445 1647 despe-

132 1665 359 1718 rantibus,
418 1664 531 1726 quia
574 1663 695 1710 soliti
734 1664 1015 1725 plerumque
1062 1663 1235 1710 damna
1272 1665 1448 1710 aestatis

132 1746 339 1792 hibernis
354 1745 598 1791 eventibus
608 1760 820 1806 pensare,
836 1753 937 1789 turn
956 1753 1120 1790 aestate
1138 1753 1279 1806 atque
1294 1746 1450 1791 hieme

121 1827 269 1888 -juxta
301 1827 609 1888 pellebantur.
694 1824 800 1874 Nec
836 1826 1068 1887 Agricola
1102 1842 1331 1888 umquam
1366 1845 1451 1890 per

135 1907 248 1953 alios
291 1916 424 1969 gesta
466 1907 626 1954 avidus
669 1907 943 1968 intercepit:
982 1923 1063 1956 seu
1103 1909 1333 1963 centurio,
1369 1925 1449 1955 seu

135 1990 406 2051 praefectus,
475 1990 804 2052 incorruptum
860 1989 973 2035 facti
1017 1999 1184 2037 testem
1227 1991 1447 2038 habebat.

135 2069 286 2132 Apud
299 2070 529 2132 quosdam
547 2071 760 2117 acerbior
775 2071 823 2116 in
841 2070 1063 2117 conviciis
1081 2073 1374 2121 narrabatur:
1399 2081 1452 2120 ut

136 2159 235 2196 erat
257 2151 392 2197 bonis
413 2152 577 2206 comis,
614 2153 680 2198 ita
702 2151 920 2198 adversus
955 2152 1102 2197 malos
1139 2153 1448 2214 injucundus:

136 2232 346 2278 ceterum
370 2249 431 2278 ex
454 2233 698 2279 iracundia
720 2233 836 2279 nihil
862 2242 1122 2294 supererat:
1157 2243 1388 2281 secretum
1406 2246 1454 2281 et

135 2313 375 2360 silentium
420 2315 521 2376 ejus
567 2331 663 2361 non
707 2314 918 2361 timeres:
973 2315 1213 2362 honestius
1254 2317 1456 2377 putabat

139 2394 393 2450 offendere,
429 2398 574 2458 quam
597 2396 763 2443 odisse.

205 2556 408 2604 XXIII.
448 2556 634 2607 Quarta
695 2558 888 2617 aestasffij
950 2559 1292 2615 obtinendis,¹‘³³
1347 2576 1457 2621 quae
