1668 3053
270 164 340 199 AD
376 164 475 199 LIB.
502 163 574 199 DE
610 162 845 198 MORIBUS
883 161 1277 199 GERMANORUM.
1339 155 1427 207 137

129 265 336 319 tulerint,
363 272 473 310 tunc
487 265 623 309 liceat
636 263 885 325 gastaldio,
915 262 982 322 (id
999 272 1067 307 est
1091 261 1271 322 comiti)
1294 263 1432 325 regi&

134 336 217 374 aut
241 331 439 384 auctori,
475 336 560 374 aut
595 328 822 374 sculdasio
860 328 925 386 <id
948 338 1032 380 est,
1062 327 1253 387 judici‚)
1294 329 1436 386 ipsam

132 395 180 438 in
215 402 404 448 canem,
445 394 511 453 (id
547 403 631 447 est,
667 393 717 437 iu
755 395 969 451 cortem,)
1009 392 1131 451 regis
1175 390 1356 445 ducere,
1393 399 1437 436 et

131 459 262 504 intra
277 459 475 517 pensiles
498 458 690 504 ancillas
708 459 1001 503 constituere.
1051 453 1174 501 Vide
1191 466 1236 501 et
1258 456 1435 517 Legem

132 521 406 569 Frisionum.
443 521 536 568 Tit.
559 521 601 568 6.

195 654 244 678 ¹³¹
280 653 498 699 Sororum
537 652 697 714 fillis]
772 652 889 698 Inde
934 652 981 697 in
1024 652 1179 696 nostra}
1224 652 1433 705 historia,

129 716 441 780 LIerovingiis
457 718 642 779 regibus
657 726 788 763 tauta
806 718 851 762 in
872 732 974 763 suas
992 731 1168 762 sorores
1183 733 1437 778 earumque

129 782 298 828 liberos
321 783 487 837 studia,
523 791 651 828 tanta
675 798 760 844 pro
777 782 831 827 iis
848 791 1065 841 suscepta
1083 781 1218 827 bella.
1292 780 1436 830 Quod

121 847 223 908 jam
246 849 542 894 observatum
559 847 670 893 aCl.
697 847 754 893 de
778 845 1139 908 hIontesquieiu
1178 847 1345 906 Espre'c'
1363 847 1438 901 des

130 912 264 967 Loz'x,
300 910 498 958 XVIII.
525 916 600 957 22.
1219 942 1225 947 ·

196 1025 246 1050 ¹⁸²
281 1025 369 1072 Sui
389 1026 553 1086 cuique
576 1027 748 1088 liber-21]
786 1026 911 1073 Vere
942 1027 1147 1089 quidem.
1216 1027 1285 1072 At.
1310 1029 1437 1089 apud

129 1090 401 1137 bellicosam
435 1100 625 1153 gentem
663 1101 783 1138 terra
816 1093 957 1138 salica
996 1092 1054 1136 ad
1089 1092 1319 1147 lanceam,
1357 1110 1438 1139 seu

129 1155 187 1200 ad
211 1154 348 1210 filios,
384 1172 479 1201 non
515 1159 621 1202 verb
653 1157 713 1202 ad
749 1158 919 1210 fusum,
956 1172 1035 1202 seu
1068 1156 1125 1202 ad
1162 1156 1297 1211 filias,
1331 1175 1436 1219 per-

127 1219 323 1266 tinebat.
394 1219 470 1267 De
493 1222 563 1267 his
587 1236 698 1282 ergo
738 1222 1044 1268 successionis
1078 1222 1262 1282 legibus
1295 1222 1439 1269 fusius

128 1285 216 1331 erit
255 1285 511 1332 dicendum
550 1287 596 1331 in
642 1284 780 1332 Notis
825 1296 871 1332 et
915 1286 1338 1332 Emendationibus
1378 1289 1438 1333 ad

129 1365 234 1411 cap.
273 1354 348 1395 20.
415 1351 565 1412 Apud
610 1349 874 1397 Germanos
923 1352 1104 1399 nullum
1148 1360 1246 1396 erat
1295 1360 1436 1398 testa-

126 1424 356 1460 mentum.
427 1415 490 1461 Iis
507 1416 670 1477 ignota
688 1433 758 1462 ars
776 1418 869 1470 illa,
906 1418 999 1477 qua
1018 1432 1162 1477 penes
1181 1413 1434 1472 Romanos,

127 1480 396 1526 hereditatis
410 1480 654 1526 firmandae
666 1482 1000 1542 servandaeque
1024 1481 1196 1542 specie,
1233 1482 1435 1541 plerum-

128 1560 219 1604 que
235 1546 464 1591 hereditas
478 1547 843 1607 pervertebatur,
861 1562 1042 1607 semper
1056 1546 1433 1592 imminuebatur.

128 1608 474 1657 Germanorum
513 1612 742 1657 hereditas
782 1611 839 1657 ad
879 1612 1049 1656 liberos
1072 1621 1172 1657 tota
1194 1612 1432 1657 transibat.

128 1671 318 1722 Quibus
331 1683 491 1721 tamen
510 1677 861 1722 successionum
876 1677 1059 1738 legibus
1083 1677 1367 1724 docendum.

222 1756 286 1785 DE
309 1756 651 1788 SUCCESSIONUM
677 1757 880 1789 LEGJRUS
907 1755 1042 1786 APUD
1072 1756 1338 1787 cemus-os.

196 1811 583 1858 Germanicarum
621 1813 971 1858 successionum
1011 1811 1137 1871 leges
1167 1812 1309 1857 habet
1332 1811 1434 1859 Lex

125 1874 291 1929 Saliczr,
339 1875 434 1922 Tit.
460 1876 622 1923 LXII.
674 1877 729 1922 cle
761 1877 936 1922 Alodz's.
987 1874 1103 1937 Leg.
1138 1879 1174 1921 l.
1246 1876 1299 1922 Si
1333 1879 1434 1937 quis

126 1950 333 1988 mortuus
354 1942 531 1999 fuerit,
579 1950 627 1988 et
649 1942 782 1998 filios
813 1958 896 1987 non
930 1940 1174 1995 dimiserit,
1222 1943 1266 1986 si
1293 1951 1433 2000 pater

126 2014 172 2051 ct
186 2014 338 2052 mater
351 2009 622 2066 superstites
635 2007 844 2065 fuerint,
886 2007 931 2051 in
964 2007 1106 2064 ipsam
1127 2005 1429 2053 hereditalem

125 2071 385 2117 succedant.

191 2134 305 2197 Leg.
335 2140 377 2181 2.
415 2136 470 2181 Si
485 2143 624 2196 paler
647 2144 692 2182 et
720 2143 871 2181 mater
900 2152 985 2181 non
1017 2135 1351 2195 superfuerint,
1388 2144 1433 2181 et

112 2201 327 2257 fratrem
372 2208 456 2246 aut
498 2217 696 2247 sororem
737 2201 984 2255 dimiserit,
1044 2203 1089 2247 in
1129 2200 1431 2247 heredilatem

127 2267 216 2326 ipsi
234 2265 491 2313 succedant.

191 2330 306 2392 Leg.
329 2335 376 2377 3.
413 2330 468 2376 Si
491 2332 570 2377 isti
590 2331 896 2390 nonfuerint,
935 2339 1043 2377 tunc
1058 2347 1187 2377 soror
1205 2331 1369 2377 matris
1387 2332 1431 2377 in

127 2395 383 2451 hereditate
401 2396 632 2442 succedat.

192 2459 305 2522 Leg.
334 2463 377 2507 4.
415 2460 470 2506 Si
516 2458 622 2507 verb
661 2478 789 2508 soror
823 2462 989 2507 matris
1028 2479 1113 2508 non
1138 2462 1315 2520 fuerit,
1366 2463 1432 2512 sie

129 2540 257 2572 soror
273 2528 426 2586 patris
450 2528 495 2573 in
522 2526 780 2573 leeredz'ffate
801 2527 1028 2574 succedat.
