1668 3053
619 187 914 226 GERMANJA.
1236 204 1239 209 κ
1370 178 1425 224 13

117 290 316 350 proximi
332 290 449 351 ripae
472 290 835 352 negligenterfi*
868 289 1105 334 ulteriores
1128 289 1420 350 exquisitius,

112 377 168 413 ‘ut
191 369 360 430 quibus
383 369 534 415 nullus
565 386 648 431 per
676 369 958 415 commercia
989 369 1154 414 cultus.
1226 367 1420 427 Eligunt

114 448 304 502 ΓΕΔ-35345
336 456 397 494 et·
417 448 626 495 detracta
655 447 886 494 velamina
915 457 1140 508 spargunt
1166 447 1420 492 maculis¹⁴⁵

114 531 405 592 pellibusque
451 532 726 586 belluarum,
785 547 899 592 quas
930 532 1131 576 exterior
1174 529 1416 583 Oceanus,

110 619 252 672 atque
274 612 488 673 ignotum
509 615 688 658 mare*⁷
713 611 881 673 gignit.
952 610 1056 656 Nec
1089 611 1202 656 alius
1235 612 1417 657 feminis

108 706 251 752 quam
273 692 380 738 viris
403 693 605 746 habitus,
641 693 728 738 nisi
744 692 867 752 quod
885 691 1072 737 feminae
1093 692 1265 752 saepius
1284 692 1415 737 lineis

106 773 409 820 amictibus¹⁴⁸
440 775 666 829 velantur,
716 789 889 835 eosque
920 774 1179 835 purpura¹4⁹
1217 774 1411 828 variant,

106 861 380 915 partemque
424 854 614 900 vestitus
673 854 918 915 superioris
972 854 1020 898 in
1069 852 1278 898 manicas
1318 870 1412 900 non

105 932 379 988 extendunt,
431 933 571 979 nudae
608 932 802 979 brachia
836 947 890 979 ac
935 933 1214 978 lacertos:¹³⁰
1248 933 1328 978 sed
1364 943 1412 979 et

102 1012 316 1072 proxima
331 1029 436 1074 pars
452 1013 656 1074 pectoris
670 1020 814 1074 patet.

163 1170 359 1218 XVIII.
397 1172 703 1235 Quamquam
726 1189 883 1220 severa
913 1173 1008 1218 illic
1031 1174 1407 1220 matrimonia:³⁵¹

98 1267 187 1298 nec
202 1252 345 1298 ullam
359 1269 540 1299 morum
557 1262 740 1315 partem
759 1254 909 1315 magis
923 1253 1264 1300 laudaveris:¹³²
1298 1271 1409 1301 nam

97 1333 243 1394 prope
258 1333 340 1378 soli
359 1333 717 1379 barbarorum¹⁵³
740 1334 935 1395 singulis
953 1334 1177 1381 uxoribus
1191 1334 1405 1381 contenti

97 1421 219 1466 sunt,
255 1414 466 1475 exceptis
482 1413 735 1460 admodum
753 1414 933 1475 paucis,
968 1413 1051 1474 qui
1075 1429 1171 1460 non
1192 1413 1404 1467 libidine,

95 1491 177 1538 sed
212 1492 273 1538 ob
311 1493 661 1540 nobilitatemffi*
681 1494 894 1556 plurimis
916 1493 1093 1554 nuptiis
1116 1493 1402 1539 ambiuntur.

94 1571 272 1620 Dotem
288 1588 384 1621 non
397 1590 516 1620 uxor
528 1575 770 1629 marito‚¹⁵⁵
793 1574 876 1621 sed
892 1574 1027 1620 uxori
1042 1575 1236 1619 maritus
1251 1574 1400 1620 offert.

92 1651 331 1700 Intersunt
351 1664 567 1715 parentes
601 1664 648 1702 et
677 1655 946 1717 propinqui,
983 1668 1038 1699 ac
1069 1669 1265 1700 munera
1295 1670 1401 1715 pro·

91 1733 226 1781 bant:
262 1750 458 1781 munera
491 1750 588 1782 non
610 1735 670 1782 ad
696 1736 885 1781 delicias
907 1734 1158 1781 muliebres
1179 1735 1398 1796 quaesita,

89 1828 178 1860 nec
212 1814 384 1876 quibus
417 1832 538 1862 nova
574 1824 724 1877 nupta
763 1824 977 1862 comatur
987 1835 1001 1870 3
1042 1815 1124 1861 sed
1157 1816 1314 1868 boves,
1352 1825 1402 1861 et

87 1895 318 1942 frenatum
337 1912 530 1958 equum,
566 1906 613 1943 et
639 1905 828 1943 scutum
851 1912 961 1942 cum
991 1897 1183 1950 framea,
1218 1895 1400 1956 gladio-

86 1992 192 2038 que.
262 1975 322 2023 In
353 1979 461 2024 haec
492 1978 741 2026 munera¹⁵⁶
785 1994 905 2024 uxor
947 1978 1196 2039 accipitur,
1254 1985 1400 2037 atque

83 2056 286 2104 invicem
314 2057 417 2119 ipsa
447 2075 683 2105 armorum
717 2058 895 2119 aliquid
928 2058 1025 2104 viro
1062 2057 1210 2103 affert.
1282 2055 1395 2103 Hoc

81 2137 343 2184 maximum
391 2139 649 2194 vinculum,
714 2140 821 2185 haec
870 2154 1041 2184 arcana
1092 2152 1241 2190 sacra,
1309 2136 1393 2182 hos

80 2220 354 2282 conjugales
371 2219 537 2268 deos¹⁵⁷
553 2222 847 2267 arbitrantur.
917 2219 994 2266 Ne
1012 2236 1059 2266 se
1078 2219 1246 2265 mulier
1262 2227 1396 2265 extra

79 2300 301 2347 virtutum
335 2302 661 2363 cogitationes,
708 2310 936 2362 extraque
983 2301 1213 2347 bellorum
1258 2314 1393 2344 casus

78 2388 230 2440 putet,
287 2380 398 2442 ipsis
430 2381 698 2444 incipientis
733 2381 1018 2444 matrimonii
1055 2380 1274 2441 auspiciis
1311 2379 1391 2424 ad-

75 2469 310 2518 monetur,
380 2461 536 2508 venire
593 2477 642 2508 se
701 2461 916 2507 laborum
976 2460 1390 2523 periculorumque

79 2541 273 2596 sociam,
308 2539 434 2589 idem
465 2542 514 2588 in
542 2557 680 2606 pace,
716 2541 841 2588 idem
869 2541 918 2586 in
945 2540 1113 2602 proelio
1149 2554 1388 2601 passuram
