<?xml version="1.0" encoding="UTF-8"?>
<!DOCTYPE html PUBLIC "-//W3C//DTD XHTML 1.0 Transitional//EN"
    "http://www.w3.org/TR/xhtml1/DTD/xhtml1-transitional.dtd">
<html xmlns="http://www.w3.org/1999/xhtml" xml:lang="en" lang="en">
 <head>
  <title>
</title>
<meta http-equiv="Content-Type" content="text/html;charset=utf-8" />
  <meta name='ocr-system' content='tesseract 3.04.00' />
  <meta name='ocr-capabilities' content='ocr_page ocr_carea ocr_par ocr_line ocrx_word'/>
</head>
<body>
  <div class='ocr_page' id='page_1' title='image "./demoribusgermano00taciuoft_0277.png"; bbox 0 0 1668 3053; ppageno 0'>
   <div class='ocr_carea' id='block_1_1' title="bbox 405 178 1513 230">
    <p class='ocr_par' dir='ltr' id='par_1_1' title="bbox 405 178 1513 230">
     <span class='ocr_line' id='line_1_1' title="bbox 405 178 1513 230; baseline 0.013 -16"><span class='ocrx_word' id='word_1_1' title='bbox 405 178 479 216; x_wconf 81' lang='lat' dir='ltr'>AD</span> <span class='ocrx_word' id='word_1_2' title='bbox 515 179 692 216; x_wconf 73' lang='lat' dir='ltr'>vrrAM</span> <span class='ocrx_word' id='word_1_3' title='bbox 731 180 820 217; x_wconf 85' lang='lat' dir='ltr'>CN.</span> <span class='ocrx_word' id='word_1_4' title='bbox 847 183 959 221; x_wconf 81' lang='lat' dir='ltr'><strong>JUL.</strong></span> <span class='ocrx_word' id='word_1_5' title='bbox 986 186 1293 224; x_wconf 81' lang='lat' dir='ltr'><strong>AGRICOLAE.</strong></span> <span class='ocrx_word' id='word_1_6' title='bbox 1422 180 1513 230; x_wconf 74' lang='lat'>261</span> 
     </span>
    </p>
   </div>
   <div class='ocr_carea' id='block_1_2' title="bbox 290 280 1520 594">
    <p class='ocr_par' dir='ltr' id='par_1_2' title="bbox 290 280 1520 594">
     <span class='ocr_line' id='line_1_2' title="bbox 290 280 1222 334; baseline 0.01 -17"><span class='ocrx_word' id='word_1_7' title='bbox 290 318 295 326; x_wconf 63' lang='grc'>,</span> <span class='ocrx_word' id='word_1_8' title='bbox 341 280 391 318; x_wconf 84' lang='lat' dir='ltr'>Et</span> <span class='ocrx_word' id='word_1_9' title='bbox 405 293 486 319; x_wconf 85' lang='lat' dir='ltr'>cum</span> <span class='ocrx_word' id='word_1_10' title='bbox 505 280 691 320; x_wconf 85' lang='lat' dir='ltr'>mortifero</span> <span class='ocrx_word' id='word_1_11' title='bbox 707 283 867 334; x_wconf 84' lang='lat' dir='ltr'>prudens</span> <span class='ocrx_word' id='word_1_12' title='bbox 885 285 1047 324; x_wconf 83' lang='lat' dir='ltr'>Veiento</span> <span class='ocrx_word' id='word_1_13' title='bbox 1065 287 1222 334; x_wconf 83' lang='lat' dir='ltr'>Catullo,</span> 
     </span>
     <span class='ocr_line' id='line_1_3' title="bbox 343 332 1228 389; baseline 0.009 -20"><span class='ocrx_word' id='word_1_14' title='bbox 343 332 422 377; x_wconf 83' lang='lat' dir='ltr'>Qui</span> <span class='ocrx_word' id='word_1_15' title='bbox 440 347 624 384; x_wconf 84' lang='lat' dir='ltr'>nunquam</span> <span class='ocrx_word' id='word_1_16' title='bbox 640 335 728 372; x_wconf 83' lang='lat' dir='ltr'>visae</span> <span class='ocrx_word' id='word_1_17' title='bbox 749 336 923 388; x_wconf 83' lang='lat' dir='ltr'>flagrabat</span> <span class='ocrx_word' id='word_1_18' title='bbox 939 351 1063 376; x_wconf 80' lang='lat' dir='ltr'>amore</span> <span class='ocrx_word' id='word_1_19' title='bbox 1081 339 1228 389; x_wconf 87' lang='lat' dir='ltr'>puellae,</span> 
     </span>
     <span class='ocr_line' id='line_1_4' title="bbox 342 383 1520 442; baseline 0.01 -21"><span class='ocrx_word' id='word_1_20' title='bbox 342 383 512 430; x_wconf 86' lang='lat' dir='ltr'>Grande,</span> <span class='ocrx_word' id='word_1_21' title='bbox 529 393 566 422; x_wconf 88' lang='lat' dir='ltr'>et</span> <span class='ocrx_word' id='word_1_22' title='bbox 583 388 816 437; x_wconf 82' lang='lat' dir='ltr'>conspicuum</span> <span class='ocrx_word' id='word_1_23' title='bbox 832 398 953 426; x_wconf 86' lang='lat' dir='ltr'>nostro</span> <span class='ocrx_word' id='word_1_24' title='bbox 966 403 1109 441; x_wconf 90' lang='lat' dir='ltr'>quoque</span> <span class='ocrx_word' id='word_1_25' title='bbox 1123 398 1290 442; x_wconf 87' lang='lat' dir='ltr'>tempore</span> <span class='ocrx_word' id='word_1_26' title='bbox 1305 402 1520 440; x_wconf 83' lang='lat' dir='ltr'>monstrum,</span> 
     </span>
     <span class='ocr_line' id='line_1_5' title="bbox 339 435 1212 491; baseline 0.008 -19"><span class='ocrx_word' id='word_1_27' title='bbox 339 435 473 474; x_wconf 85' lang='lat' dir='ltr'>Caecus</span> <span class='ocrx_word' id='word_1_28' title='bbox 492 437 674 483; x_wconf 67' lang='lat' dir='ltr'>adulator,</span> <span class='ocrx_word' id='word_1_29' title='bbox 703 438 872 489; x_wconf 82' lang='lat' dir='ltr'>dirusque</span> <span class='ocrx_word' id='word_1_30' title='bbox 890 454 910 477; x_wconf 90' lang='lat' dir='ltr'>a</span> <span class='ocrx_word' id='word_1_31' title='bbox 929 449 1040 491; x_wconf 89' lang='lat' dir='ltr'>ponte</span> <span class='ocrx_word' id='word_1_32' title='bbox 1062 442 1212 487; x_wconf 70' lang='lat' dir='ltr'>satelles,</span> 
     </span>
     <span class='ocr_line' id='line_1_6' title="bbox 340 487 1176 541; baseline 0.007 -17"><span class='ocrx_word' id='word_1_33' title='bbox 340 487 486 538; x_wconf 86' lang='lat' dir='ltr'>Dignus</span> <span class='ocrx_word' id='word_1_34' title='bbox 503 489 675 528; x_wconf 87' lang='lat' dir='ltr'>Aricinos</span> <span class='ocrx_word' id='word_1_35' title='bbox 693 490 755 541; x_wconf 88' lang='lat' dir='ltr'>qui</span> <span class='ocrx_word' id='word_1_36' title='bbox 773 491 999 529; x_wconf 83' lang='lat' dir='ltr'>mendicaret</span> <span class='ocrx_word' id='word_1_37' title='bbox 1014 493 1060 529; x_wconf 87' lang='lat' dir='ltr'>ad</span> <span class='ocrx_word' id='word_1_38' title='bbox 1076 506 1176 538; x_wconf 84' lang='lat' dir='ltr'>axes,</span> 
     </span>
     <span class='ocr_line' id='line_1_7' title="bbox 339 538 1167 594; baseline 0.01 -20"><span class='ocrx_word' id='word_1_39' title='bbox 339 538 554 592; x_wconf 81' lang='lat' dir='ltr'>Blandaque</span> <span class='ocrx_word' id='word_1_40' title='bbox 571 541 728 580; x_wconf 79' lang='lat' dir='ltr'>devexae</span> <span class='ocrx_word' id='word_1_41' title='bbox 740 543 896 594; x_wconf 82' lang='lat' dir='ltr'>jactaret</span> <span class='ocrx_word' id='word_1_42' title='bbox 915 543 1013 581; x_wconf 77' lang='lat' dir='ltr'>basia</span> <span class='ocrx_word' id='word_1_43' title='bbox 1030 544 1167 582; x_wconf 80' lang='lat' dir='ltr'>rhedae.</span> 
     </span>
    </p>
   </div>
   <div class='ocr_carea' id='block_1_3' title="bbox 179 658 1520 993">
    <p class='ocr_par' dir='ltr' id='par_1_3' title="bbox 179 658 1520 993">
     <span class='ocr_line' id='line_1_8' title="bbox 250 658 1518 730; baseline 0.009 -25"><span class='ocrx_word' id='word_1_44' title='bbox 250 658 305 684; x_wconf 75' lang='lat'>³⁰²</span> <span class='ocrx_word' id='word_1_45' title='bbox 338 658 510 707; x_wconf 67' lang='lat' dir='ltr'>,Massa</span> <span class='ocrx_word' id='word_1_46' title='bbox 539 663 754 729; x_wconf 81' lang='lat' dir='ltr'>Bebz&#39;us.]</span> <span class='ocrx_word' id='word_1_47' title='bbox 809 664 1048 713; x_wconf 82' lang='lat' dir='ltr'>Pessimus</span> <span class='ocrx_word' id='word_1_48' title='bbox 1089 683 1283 730; x_wconf 83' lang='lat' dir='ltr'>quoque</span> <span class='ocrx_word' id='word_1_49' title='bbox 1319 669 1518 727; x_wconf 85' lang='lat' dir='ltr'>delator,</span> 
     </span>
     <span class='ocr_line' id='line_1_9' title="bbox 183 728 1520 794; baseline 0.008 -22"><span class='ocrx_word' id='word_1_50' title='bbox 183 730 242 776; x_wconf 87' lang='lat' dir='ltr'>de</span> <span class='ocrx_word' id='word_1_51' title='bbox 268 743 363 789; x_wconf 93' lang='lat' dir='ltr'>quo</span> <span class='ocrx_word' id='word_1_52' title='bbox 377 729 481 790; x_wconf 85' lang='lat' dir='ltr'>jam</span> <span class='ocrx_word' id='word_1_53' title='bbox 507 728 690 776; x_wconf 88' lang='lat' dir='ltr'>dictum</span> <span class='ocrx_word' id='word_1_54' title='bbox 716 734 872 794; x_wconf 76' lang='lat' dir='ltr'>supra.</span> <span class='ocrx_word' id='word_1_55' title='bbox 941 731 1083 780; x_wconf 87' lang='lat' dir='ltr'>Tunc</span> <span class='ocrx_word' id='word_1_56' title='bbox 1128 734 1385 782; x_wconf 81' lang='lat' dir='ltr'>sceleribus</span> <span class='ocrx_word' id='word_1_57' title='bbox 1425 738 1520 784; x_wconf 84' lang='lat' dir='ltr'>suis</span> 
     </span>
     <span class='ocr_line' id='line_1_10' title="bbox 181 794 1516 858; baseline 0.006 -17"><span class='ocrx_word' id='word_1_58' title='bbox 181 795 385 850; x_wconf 82' lang='lat' dir='ltr'>infamis,</span> <span class='ocrx_word' id='word_1_59' title='bbox 444 794 544 856; x_wconf 87' lang='lat' dir='ltr'>ipse</span> <span class='ocrx_word' id='word_1_60' title='bbox 585 811 690 842; x_wconf 85' lang='lat' dir='ltr'>reus</span> <span class='ocrx_word' id='word_1_61' title='bbox 736 805 852 852; x_wconf 86' lang='lat' dir='ltr'>erat,</span> <span class='ocrx_word' id='word_1_62' title='bbox 911 799 1248 846; x_wconf 80' lang='lat' dir='ltr'>accusantibus</span> <span class='ocrx_word' id='word_1_63' title='bbox 1295 799 1516 858; x_wconf 78' lang='lat' dir='ltr'>Baeticis3</span> 
     </span>
     <span class='ocr_line' id='line_1_11' title="bbox 179 860 1515 924; baseline 0.01 -21"><span class='ocrx_word' id='word_1_64' title='bbox 179 863 275 924; x_wconf 57' lang='lat' dir='ltr'>qua</span> <span class='ocrx_word' id='word_1_65' title='bbox 299 861 358 908; x_wconf 86' lang='lat' dir='ltr'>de</span> <span class='ocrx_word' id='word_1_66' title='bbox 381 879 432 910; x_wconf 81' lang='lat' dir='ltr'>re</span> <span class='ocrx_word' id='word_1_67' title='bbox 455 860 577 916; x_wconf 79' lang='lat' dir='ltr'>vide,</span> <span class='ocrx_word' id='word_1_68' title='bbox 631 862 753 910; x_wconf 84' lang='lat' dir='ltr'>inter</span> <span class='ocrx_word' id='word_1_69' title='bbox 786 863 1087 911; x_wconf 82' lang='lat' dir='ltr'>Testimonia</span> <span class='ocrx_word' id='word_1_70' title='bbox 1122 863 1370 922; x_wconf 77' lang='lat' dir='ltr'>Veterum,</span> <span class='ocrx_word' id='word_1_71' title='bbox 1423 867 1515 916; x_wconf 86' lang='lat' dir='ltr'>Pli-</span> 
     </span>
     <span class='ocr_line' id='line_1_12' title="bbox 179 927 663 993; baseline 0 -19"><span class='ocrx_word' id='word_1_72' title='bbox 179 928 313 975; x_wconf 88' lang='lat' dir='ltr'>nium</span> <span class='ocrx_word' id='word_1_73' title='bbox 333 927 450 976; x_wconf 89' lang='lat' dir='ltr'>VII.</span> <span class='ocrx_word' id='word_1_74' title='bbox 478 930 567 993; x_wconf 87' lang='lat' dir='ltr'>Ep.</span> <span class='ocrx_word' id='word_1_75' title='bbox 585 933 663 976; x_wconf 80' lang='lat'>33.</span> 
     </span>
    </p>
   </div>
   <div class='ocr_carea' id='block_1_4' title="bbox 158 1058 1518 2641">
    <p class='ocr_par' dir='ltr' id='par_1_4' title="bbox 158 1058 1518 2641">
     <span class='ocr_line' id='line_1_13' title="bbox 243 1058 1518 1125; baseline 0.004 -19"><span class='ocrx_word' id='word_1_76' title='bbox 243 1060 297 1086; x_wconf 75' lang='lat'>³⁰³</span> <span class='ocrx_word' id='word_1_77' title='bbox 333 1058 660 1125; x_wconf 62' lang='lat' dir='ltr'>Helvidium]</span> <span class='ocrx_word' id='word_1_78' title='bbox 715 1058 927 1107; x_wconf 73' lang='lat' dir='ltr'>Helvidii</span> <span class='ocrx_word' id='word_1_79' title='bbox 965 1058 1132 1115; x_wconf 89' lang='lat' dir='ltr'>Prisci,</span> <span class='ocrx_word' id='word_1_80' title='bbox 1168 1061 1345 1108; x_wconf 83' lang='lat' dir='ltr'>laudati</span> <span class='ocrx_word' id='word_1_81' title='bbox 1373 1068 1518 1124; x_wconf 66' lang='lat' dir='ltr'>snpra</span> 
     </span>
     <span class='ocr_line' id='line_1_14' title="bbox 178 1123 1515 1192; baseline 0.004 -21"><span class='ocrx_word' id='word_1_82' title='bbox 178 1124 306 1173; x_wconf 83' lang='lat' dir='ltr'>Hist.</span> <span class='ocrx_word' id='word_1_83' title='bbox 328 1123 416 1172; x_wconf 85' lang='lat' dir='ltr'>IV.</span> <span class='ocrx_word' id='word_1_84' title='bbox 443 1130 488 1171; x_wconf 86' lang='lat'>5.</span> <span class='ocrx_word' id='word_1_85' title='bbox 544 1126 714 1181; x_wconf 86' lang='lat' dir='ltr'>filium,</span> <span class='ocrx_word' id='word_1_86' title='bbox 765 1127 973 1172; x_wconf 85' lang='lat' dir='ltr'>amicum</span> <span class='ocrx_word' id='word_1_87' title='bbox 1000 1125 1138 1172; x_wconf 80' lang='lat' dir='ltr'>Plinii</span> <span class='ocrx_word' id='word_1_88' title='bbox 1165 1125 1393 1183; x_wconf 79' lang='lat' dir='ltr'>Junioris,</span> <span class='ocrx_word' id='word_1_89' title='bbox 1431 1131 1515 1192; x_wconf 86' lang='lat' dir='ltr'>qui</span> 
     </span>
     <span class='ocr_line' id='line_1_15' title="bbox 175 1191 1512 1254; baseline 0.001 -15"><span class='ocrx_word' id='word_1_90' title='bbox 175 1193 383 1239; x_wconf 88' lang='lat' dir='ltr'>inultum</span> <span class='ocrx_word' id='word_1_91' title='bbox 406 1208 517 1238; x_wconf 87' lang='lat' dir='ltr'>eum</span> <span class='ocrx_word' id='word_1_92' title='bbox 547 1208 643 1238; x_wconf 90' lang='lat' dir='ltr'>non</span> <span class='ocrx_word' id='word_1_93' title='bbox 675 1209 839 1254; x_wconf 81' lang='lat' dir='ltr'>passus</span> <span class='ocrx_word' id='word_1_94' title='bbox 871 1201 954 1237; x_wconf 87' lang='lat' dir='ltr'>est.</span> <span class='ocrx_word' id='word_1_95' title='bbox 1028 1191 1281 1240; x_wconf 70' lang='lat' dir='ltr'>Helvidius</span> <span class='ocrx_word' id='word_1_96' title='bbox 1307 1193 1512 1251; x_wconf 80' lang='lat' dir='ltr'>Priscus,</span> 
     </span>
     <span class='ocr_line' id='line_1_16' title="bbox 176 1256 1513 1321; baseline 0.002 -17"><span class='ocrx_word' id='word_1_97' title='bbox 176 1259 372 1320; x_wconf 88' lang='lat' dir='ltr'>regione</span> <span class='ocrx_word' id='word_1_98' title='bbox 391 1258 565 1313; x_wconf 81' lang='lat' dir='ltr'>Italiae,</span> <span class='ocrx_word' id='word_1_99' title='bbox 581 1256 857 1304; x_wconf 82' lang='lat' dir='ltr'>Tarracinae</span> <span class='ocrx_word' id='word_1_100' title='bbox 874 1258 1157 1320; x_wconf 85' lang='lat' dir='ltr'>municipio,</span> <span class='ocrx_word' id='word_1_101' title='bbox 1175 1258 1344 1306; x_wconf 76' lang='lat' dir='ltr'>Cluvio</span> <span class='ocrx_word' id='word_1_102' title='bbox 1361 1269 1513 1321; x_wconf 87' lang='lat' dir='ltr'>patre,</span> 
     </span>
     <span class='ocr_line' id='line_1_17' title="bbox 174 1324 1514 1387; baseline 0.003 -17"><span class='ocrx_word' id='word_1_103' title='bbox 174 1324 256 1387; x_wconf 91' lang='lat' dir='ltr'>qui</span> <span class='ocrx_word' id='word_1_104' title='bbox 283 1325 496 1371; x_wconf 88' lang='lat' dir='ltr'>ordinem</span> <span class='ocrx_word' id='word_1_105' title='bbox 519 1324 746 1386; x_wconf 82' lang='lat' dir='ltr'>primipili</span> <span class='ocrx_word' id='word_1_106' title='bbox 775 1325 1001 1378; x_wconf 75' lang='lat' dir='ltr'>duxisset,</span> <span class='ocrx_word' id='word_1_107' title='bbox 1040 1325 1288 1386; x_wconf 73' lang='lat' dir='ltr'>ingenium</span> <span class='ocrx_word' id='word_1_108' title='bbox 1318 1326 1514 1375; x_wconf 83' lang='lat' dir='ltr'>inlustre</span> 
     </span>
     <span class='ocr_line' id='line_1_18' title="bbox 172 1389 1514 1452; baseline 0.003 -16"><span class='ocrx_word' id='word_1_109' title='bbox 172 1390 419 1438; x_wconf 83' lang='lat' dir='ltr'>altioribus</span> <span class='ocrx_word' id='word_1_110' title='bbox 442 1390 811 1452; x_wconf 70' lang='lat' dir='ltr'>studiisjuvenis</span> <span class='ocrx_word' id='word_1_111' title='bbox 837 1389 1094 1436; x_wconf 83' lang='lat' dir='ltr'>admodum</span> <span class='ocrx_word' id='word_1_112' title='bbox 1115 1391 1269 1437; x_wconf 74' lang='lat' dir='ltr'>dedit:</span> <span class='ocrx_word' id='word_1_113' title='bbox 1310 1408 1422 1447; x_wconf 88' lang='lat' dir='ltr'>non,</span> <span class='ocrx_word' id='word_1_114' title='bbox 1460 1404 1514 1440; x_wconf 89' lang='lat' dir='ltr'>ut</span> 
     </span>
     <span class='ocr_line' id='line_1_19' title="bbox 172 1455 1510 1520; baseline 0.001 -18"><span class='ocrx_word' id='word_1_115' title='bbox 172 1456 406 1520; x_wconf 82' lang='lat' dir='ltr'>plerique,</span> <span class='ocrx_word' id='word_1_116' title='bbox 444 1467 495 1502; x_wconf 91' lang='lat' dir='ltr'>ut</span> <span class='ocrx_word' id='word_1_117' title='bbox 533 1457 727 1504; x_wconf 87' lang='lat' dir='ltr'>nomine</span> <span class='ocrx_word' id='word_1_118' title='bbox 762 1455 1026 1518; x_wconf 82' lang='lat' dir='ltr'>magnifico</span> <span class='ocrx_word' id='word_1_119' title='bbox 1062 1473 1208 1518; x_wconf 76' lang='lat' dir='ltr'>segne</span> <span class='ocrx_word' id='word_1_120' title='bbox 1243 1458 1395 1503; x_wconf 82' lang='lat' dir='ltr'>otium</span> <span class='ocrx_word' id='word_1_121' title='bbox 1432 1475 1510 1504; x_wconf 72' lang='lat' dir='ltr'>ve-</span> 
     </span>
     <span class='ocr_line' id='line_1_20' title="bbox 168 1521 1509 1584; baseline 0.003 -17"><span class='ocrx_word' id='word_1_122' title='bbox 168 1521 303 1569; x_wconf 76' lang='lat' dir='ltr'>laret.</span> <span class='ocrx_word' id='word_1_123' title='bbox 363 1522 443 1570; x_wconf 86' lang='lat' dir='ltr'>sed</span> <span class='ocrx_word' id='word_1_124' title='bbox 491 1525 585 1584; x_wconf 73' lang='lat' dir='ltr'>quo</span> <span class='ocrx_word' id='word_1_125' title='bbox 629 1521 811 1569; x_wconf 86' lang='lat' dir='ltr'>firmior</span> <span class='ocrx_word' id='word_1_126' title='bbox 853 1523 1072 1569; x_wconf 72' lang='lat' dir='ltr'>adversus</span> <span class='ocrx_word' id='word_1_127' title='bbox 1117 1523 1328 1577; x_wconf 84' lang='lat' dir='ltr'>fortuita,</span> <span class='ocrx_word' id='word_1_128' title='bbox 1388 1540 1509 1571; x_wconf 84' lang='lat' dir='ltr'>rem·</span> 
     </span>
     <span class='ocr_line' id='line_1_21' title="bbox 171 1588 1510 1651; baseline 0.001 -17"><span class='ocrx_word' id='word_1_129' title='bbox 171 1589 418 1648; x_wconf 85' lang='lat' dir='ltr'>publicam</span> <span class='ocrx_word' id='word_1_130' title='bbox 443 1598 731 1650; x_wconf 81' lang='lat' dir='ltr'>capesseret:</span> <span class='ocrx_word' id='word_1_131' title='bbox 785 1590 1004 1635; x_wconf 89' lang='lat' dir='ltr'>doctores</span> <span class='ocrx_word' id='word_1_132' title='bbox 1036 1588 1284 1650; x_wconf 75' lang='lat' dir='ltr'>sapientiae</span> <span class='ocrx_word' id='word_1_133' title='bbox 1318 1600 1510 1651; x_wconf 81' lang='lat' dir='ltr'>secutus</span> 
     </span>
     <span class='ocr_line' id='line_1_22' title="bbox 172 1655 1506 1717; baseline 0.003 -19"><span class='ocrx_word' id='word_1_134' title='bbox 172 1663 258 1708; x_wconf 91' lang='lat' dir='ltr'>est,</span> <span class='ocrx_word' id='word_1_135' title='bbox 309 1655 390 1717; x_wconf 89' lang='lat' dir='ltr'>qui</span> <span class='ocrx_word' id='word_1_136' title='bbox 429 1655 527 1702; x_wconf 85' lang='lat' dir='ltr'>sola</span> <span class='ocrx_word' id='word_1_137' title='bbox 565 1655 708 1709; x_wconf 88' lang='lat' dir='ltr'>bona,</span> <span class='ocrx_word' id='word_1_138' title='bbox 762 1671 874 1717; x_wconf 88' lang='lat' dir='ltr'>quae</span> <span class='ocrx_word' id='word_1_139' title='bbox 900 1655 1115 1708; x_wconf 72' lang='lat' dir='ltr'>honesta,</span> <span class='ocrx_word' id='word_1_140' title='bbox 1152 1655 1276 1701; x_wconf 86' lang='lat' dir='ltr'>mala</span> <span class='ocrx_word' id='word_1_141' title='bbox 1300 1656 1506 1711; x_wconf 77' lang='lat' dir='ltr'>tantuin,</span> 
     </span>
     <span class='ocr_line' id='line_1_23' title="bbox 170 1721 1508 1784; baseline 0.002 -18"><span class='ocrx_word' id='word_1_142' title='bbox 170 1735 282 1781; x_wconf 85' lang='lat' dir='ltr'>quae</span> <span class='ocrx_word' id='word_1_143' title='bbox 306 1721 485 1783; x_wconf 83' lang='lat' dir='ltr'>turpia:</span> <span class='ocrx_word' id='word_1_144' title='bbox 541 1722 826 1782; x_wconf 83' lang='lat' dir='ltr'>potentiam,</span> <span class='ocrx_word' id='word_1_145' title='bbox 881 1721 1199 1776; x_wconf 85' lang='lat' dir='ltr'>nobilitatem,</span> <span class='ocrx_word' id='word_1_146' title='bbox 1251 1731 1508 1784; x_wconf 75' lang='lat' dir='ltr'>ceteraque</span> 
     </span>
     <span class='ocr_line' id='line_1_24' title="bbox 169 1786 1507 1848; baseline 0.002 -17"><span class='ocrx_word' id='word_1_147' title='bbox 169 1794 304 1832; x_wconf 84' lang='lat' dir='ltr'>extra</span> <span class='ocrx_word' id='word_1_148' title='bbox 348 1787 581 1840; x_wconf 89' lang='lat' dir='ltr'>animum,</span> <span class='ocrx_word' id='word_1_149' title='bbox 640 1803 798 1848; x_wconf 87' lang='lat' dir='ltr'>neque</span> <span class='ocrx_word' id='word_1_150' title='bbox 853 1786 991 1832; x_wconf 86' lang='lat' dir='ltr'>bonis</span> <span class='ocrx_word' id='word_1_151' title='bbox 1038 1802 1194 1848; x_wconf 74' lang='lat' dir='ltr'>neque</span> <span class='ocrx_word' id='word_1_152' title='bbox 1240 1787 1375 1832; x_wconf 86' lang='lat' dir='ltr'>malis</span> <span class='ocrx_word' id='word_1_153' title='bbox 1425 1788 1507 1834; x_wconf 86' lang='lat' dir='ltr'>ad-</span> 
     </span>
     <span class='ocr_line' id='line_1_25' title="bbox 167 1850 1506 1906; baseline 0.004 -10"><span class='ocrx_word' id='word_1_154' title='bbox 167 1860 433 1901; x_wconf 81' lang='lat' dir='ltr'>numerant.</span> <span class='ocrx_word' id='word_1_155' title='bbox 503 1850 808 1901; x_wconf 80' lang='lat' dir='ltr'>Quaestorius</span> <span class='ocrx_word' id='word_1_156' title='bbox 833 1851 1007 1906; x_wconf 79' lang='lat' dir='ltr'>adhuc,</span> <span class='ocrx_word' id='word_1_157' title='bbox 1056 1869 1084 1897; x_wconf 92' lang='lat' dir='ltr'>a</span> <span class='ocrx_word' id='word_1_158' title='bbox 1120 1851 1257 1899; x_wconf 76' lang='lat' dir='ltr'>Paeto</span> <span class='ocrx_word' id='word_1_159' title='bbox 1294 1851 1506 1901; x_wconf 69' lang='lat' dir='ltr'>Thrasea</span> 
     </span>
     <span class='ocr_line' id='line_1_26' title="bbox 166 1917 1504 1981; baseline 0.004 -19"><span class='ocrx_word' id='word_1_160' title='bbox 166 1933 316 1978; x_wconf 84' lang='lat' dir='ltr'>gener</span> <span class='ocrx_word' id='word_1_161' title='bbox 337 1917 568 1971; x_wconf 85' lang='lat' dir='ltr'>delectus,</span> <span class='ocrx_word' id='word_1_162' title='bbox 604 1933 631 1963; x_wconf 90' lang='lat' dir='ltr'>e</span> <span class='ocrx_word' id='word_1_163' title='bbox 670 1919 884 1964; x_wconf 86' lang='lat' dir='ltr'>moribus</span> <span class='ocrx_word' id='word_1_164' title='bbox 920 1918 1070 1963; x_wconf 85' lang='lat' dir='ltr'>soceri</span> <span class='ocrx_word' id='word_1_165' title='bbox 1110 1919 1230 1966; x_wconf 89' lang='lat' dir='ltr'>nihil</span> <span class='ocrx_word' id='word_1_166' title='bbox 1269 1920 1409 1981; x_wconf 77' lang='lat' dir='ltr'>aeque</span> <span class='ocrx_word' id='word_1_167' title='bbox 1446 1936 1504 1967; x_wconf 82' lang='lat' dir='ltr'>ac</span> 
     </span>
     <span class='ocr_line' id='line_1_27' title="bbox 163 1983 1503 2046; baseline 0.001 -15"><span class='ocrx_word' id='word_1_168' title='bbox 163 1983 434 2032; x_wconf 84' lang='lat' dir='ltr'>libertatem</span> <span class='ocrx_word' id='word_1_169' title='bbox 459 1983 637 2030; x_wconf 86' lang='lat' dir='ltr'>hausit:</span> <span class='ocrx_word' id='word_1_170' title='bbox 678 1984 810 2038; x_wconf 76' lang='lat' dir='ltr'>civis,</span> <span class='ocrx_word' id='word_1_171' title='bbox 848 1993 1052 2038; x_wconf 83' lang='lat' dir='ltr'>senator,</span> <span class='ocrx_word' id='word_1_172' title='bbox 1090 1985 1303 2037; x_wconf 84' lang='lat' dir='ltr'>maritus,</span> <span class='ocrx_word' id='word_1_173' title='bbox 1338 1999 1503 2046; x_wconf 82' lang='lat' dir='ltr'>gener,</span> 
     </span>
     <span class='ocr_line' id='line_1_28' title="bbox 166 2049 1505 2113; baseline 0 -15"><span class='ocrx_word' id='word_1_174' title='bbox 166 2052 365 2106; x_wconf 84' lang='lat' dir='ltr'>amicus,</span> <span class='ocrx_word' id='word_1_175' title='bbox 421 2049 609 2096; x_wconf 88' lang='lat' dir='ltr'>cunctis</span> <span class='ocrx_word' id='word_1_176' title='bbox 652 2049 766 2095; x_wconf 71' lang='lat' dir='ltr'>vitae</span> <span class='ocrx_word' id='word_1_177' title='bbox 812 2049 983 2096; x_wconf 89' lang='lat' dir='ltr'>officiis</span> <span class='ocrx_word' id='word_1_178' title='bbox 1031 2050 1296 2113; x_wconf 84' lang='lat' dir='ltr'>aequabilis,</span> <span class='ocrx_word' id='word_1_179' title='bbox 1353 2067 1505 2113; x_wconf 86' lang='lat' dir='ltr'>opum</span> 
     </span>
     <span class='ocr_line' id='line_1_29' title="bbox 167 2116 1504 2179; baseline 0.001 -16"><span class='ocrx_word' id='word_1_180' title='bbox 167 2125 488 2179; x_wconf 81' lang='lat' dir='ltr'>contemptor,</span> <span class='ocrx_word' id='word_1_181' title='bbox 547 2116 665 2162; x_wconf 88' lang='lat' dir='ltr'>recti</span> <span class='ocrx_word' id='word_1_182' title='bbox 710 2116 955 2176; x_wconf 74' lang='lat' dir='ltr'>pervicax,</span> <span class='ocrx_word' id='word_1_183' title='bbox 1014 2124 1237 2162; x_wconf 83' lang='lat' dir='ltr'>constans</span> <span class='ocrx_word' id='word_1_184' title='bbox 1282 2116 1504 2166; x_wconf 78' lang='lat' dir='ltr'>adversus</span> 
     </span>
     <span class='ocr_line' id='line_1_30' title="bbox 163 2180 1498 2243; baseline 0.001 -15"><span class='ocrx_word' id='word_1_185' title='bbox 163 2193 333 2230; x_wconf 89' lang='lat' dir='ltr'>metus.</span> <span class='ocrx_word' id='word_1_186' title='bbox 405 2181 531 2228; x_wconf 89' lang='lat' dir='ltr'>Hist.</span> <span class='ocrx_word' id='word_1_187' title='bbox 565 2197 675 2243; x_wconf 82' lang='lat' dir='ltr'>pag.</span> <span class='ocrx_word' id='word_1_188' title='bbox 704 2183 812 2227; x_wconf 71' lang='lat'><strong>224.</strong></span> <span class='ocrx_word' id='word_1_189' title='bbox 853 2180 945 2226; x_wconf 80' lang='lat' dir='ltr'>Ed.</span> <span class='ocrx_word' id='word_1_190' title='bbox 1017 2180 1143 2228; x_wconf 77' lang='lat' dir='ltr'>Vide</span> <span class='ocrx_word' id='word_1_191' title='bbox 1166 2180 1377 2230; x_wconf 85' lang='lat' dir='ltr'>Plinium</span> <span class='ocrx_word' id='word_1_192' title='bbox 1402 2181 1498 2230; x_wconf 90' lang='lat' dir='ltr'>IX.</span> 
     </span>
     <span class='ocr_line' id='line_1_31' title="bbox 162 2246 1500 2312; baseline 0 -16"><span class='ocrx_word' id='word_1_193' title='bbox 162 2249 253 2312; x_wconf 82' lang='lat' dir='ltr'>Ep.</span> <span class='ocrx_word' id='word_1_194' title='bbox 287 2253 358 2296; x_wconf 86' lang='lat'>13.</span> <span class='ocrx_word' id='word_1_195' title='bbox 429 2246 576 2294; x_wconf 86' lang='lat' dir='ltr'>Porro</span> <span class='ocrx_word' id='word_1_196' title='bbox 624 2255 811 2294; x_wconf 88' lang='lat' dir='ltr'>senator</span> <span class='ocrx_word' id='word_1_197' title='bbox 856 2255 955 2293; x_wconf 87' lang='lat' dir='ltr'>erat</span> <span class='ocrx_word' id='word_1_198' title='bbox 999 2246 1218 2302; x_wconf 82' lang='lat' dir='ltr'>Tacitus,</span> <span class='ocrx_word' id='word_1_199' title='bbox 1285 2256 1335 2293; x_wconf 88' lang='lat' dir='ltr'>et</span> <span class='ocrx_word' id='word_1_200' title='bbox 1386 2249 1500 2296; x_wconf 77' lang='lat' dir='ltr'>cum</span> 
     </span>
     <span class='ocr_line' id='line_1_32' title="bbox 161 2312 1497 2368; baseline 0 -7"><span class='ocrx_word' id='word_1_201' title='bbox 161 2313 410 2362; x_wconf 88' lang='lat' dir='ltr'>Publicius</span> <span class='ocrx_word' id='word_1_202' title='bbox 433 2312 605 2359; x_wconf 85' lang='lat' dir='ltr'>Certus</span> <span class='ocrx_word' id='word_1_203' title='bbox 629 2312 857 2360; x_wconf 75' lang='lat' dir='ltr'>Helvidio</span> <span class='ocrx_word' id='word_1_204' title='bbox 881 2330 1049 2360; x_wconf 87' lang='lat' dir='ltr'>manus</span> <span class='ocrx_word' id='word_1_205' title='bbox 1073 2314 1325 2368; x_wconf 88' lang='lat' dir='ltr'>intulisset,</span> <span class='ocrx_word' id='word_1_206' title='bbox 1364 2330 1497 2361; x_wconf 87' lang='lat' dir='ltr'>eum·</span> 
     </span>
     <span class='ocr_line' id='line_1_33' title="bbox 162 2379 1498 2444; baseline 0.001 -17"><span class='ocrx_word' id='word_1_207' title='bbox 162 2398 257 2444; x_wconf 89' lang='lat' dir='ltr'>que</span> <span class='ocrx_word' id='word_1_208' title='bbox 291 2381 341 2427; x_wconf 89' lang='lat' dir='ltr'>in</span> <span class='ocrx_word' id='word_1_209' title='bbox 379 2395 621 2427; x_wconf 83' lang='lat' dir='ltr'>carcerem</span> <span class='ocrx_word' id='word_1_210' title='bbox 652 2379 881 2435; x_wconf 82' lang='lat' dir='ltr'>duxisset,</span> <span class='ocrx_word' id='word_1_211' title='bbox 919 2379 965 2424; x_wconf 91' lang='lat' dir='ltr'>id</span> <span class='ocrx_word' id='word_1_212' title='bbox 990 2380 1079 2426; x_wconf 83' lang='lat' dir='ltr'>sibi</span> <span class='ocrx_word' id='word_1_213' title='bbox 1102 2380 1498 2442; x_wconf 86' lang='lat' dir='ltr'>senatoribusque</span> 
     </span>
     <span class='ocr_line' id='line_1_34' title="bbox 159 2443 1497 2508; baseline 0.001 -15"><span class='ocrx_word' id='word_1_214' title='bbox 159 2446 381 2494; x_wconf 88' lang='lat' dir='ltr'>omnibus</span> <span class='ocrx_word' id='word_1_215' title='bbox 397 2445 582 2493; x_wconf 86' lang='lat' dir='ltr'>crimini</span> <span class='ocrx_word' id='word_1_216' title='bbox 598 2444 755 2492; x_wconf 88' lang='lat' dir='ltr'>ducit:</span> <span class='ocrx_word' id='word_1_217' title='bbox 782 2445 914 2508; x_wconf 92' lang='lat' dir='ltr'>quod</span> <span class='ocrx_word' id='word_1_218' title='bbox 927 2446 1072 2492; x_wconf 85' lang='lat' dir='ltr'>etiam</span> <span class='ocrx_word' id='word_1_219' title='bbox 1087 2444 1301 2508; x_wconf 88' lang='lat' dir='ltr'>queritur</span> <span class='ocrx_word' id='word_1_220' title='bbox 1314 2443 1497 2494; x_wconf 86' lang='lat' dir='ltr'>Plinius</span> 
     </span>
     <span class='ocr_line' id='line_1_35' title="bbox 158 2510 1495 2566; baseline -0.001 -7"><span class='ocrx_word' id='word_1_221' title='bbox 158 2513 251 2560; x_wconf 89' lang='lat' dir='ltr'>loc.</span> <span class='ocrx_word' id='word_1_222' title='bbox 279 2513 360 2558; x_wconf 82' lang='lat' dir='ltr'>cit.</span> <span class='ocrx_word' id='word_1_223' title='bbox 413 2512 551 2560; x_wconf 84' lang='lat' dir='ltr'>Inter</span> <span class='ocrx_word' id='word_1_224' title='bbox 589 2510 741 2557; x_wconf 84' lang='lat' dir='ltr'>multa</span> <span class='ocrx_word' id='word_1_225' title='bbox 779 2512 955 2558; x_wconf 80' lang='lat' dir='ltr'>scelera</span> <span class='ocrx_word' id='word_1_226' title='bbox 993 2512 1264 2566; x_wconf 80' lang='lat' dir='ltr'>multorum,</span> <span class='ocrx_word' id='word_1_227' title='bbox 1316 2512 1495 2559; x_wconf 82' lang='lat' dir='ltr'>nullum</span> 
     </span>
     <span class='ocr_line' id='line_1_36' title="bbox 162 2574 1496 2641; baseline -0.002 -12"><span class='ocrx_word' id='word_1_228' title='bbox 162 2580 372 2629; x_wconf 80' lang='lat' dir='ltr'>atrocius</span> <span class='ocrx_word' id='word_1_229' title='bbox 394 2578 660 2633; x_wconf 77' lang='lat' dir='ltr'>videbatur,</span> <span class='ocrx_word' id='word_1_230' title='bbox 710 2574 851 2641; x_wconf 71' lang='lat' dir='ltr'>qudm</span> <span class='ocrx_word' id='word_1_231' title='bbox 879 2575 1005 2641; x_wconf 58' lang='lat' dir='ltr'>quod</span> <span class='ocrx_word' id='word_1_232' title='bbox 1035 2579 1082 2625; x_wconf 81' lang='lat' dir='ltr'>in</span> <span class='ocrx_word' id='word_1_233' title='bbox 1112 2585 1278 2625; x_wconf 76' lang='lat' dir='ltr'>senatu</span> <span class='ocrx_word' id='word_1_234' title='bbox 1306 2587 1496 2626; x_wconf 80' lang='lat' dir='ltr'>senalor</span> 
     </span>
    </p>
   </div>
  </div>
 </body>
</html>
