1668 3053
381 196 453 232 AD
489 197 667 234 VITAM
705 197 794 235 CN.
823 198 934 236 JUL.
962 200 1265 239 AGRICOLAE.
1403 196 1499 241 223

164 300 400 361 ingressus
413 305 485 347 est
501 299 637 346 annis
652 298 799 348 Urbis
818 302 1030 348 conditae
1055 312 1273 349 DCXCIX
1297 310 1345 349 et
1369 313 1498 353 DCC.

165 363 278 414 Hac
316 365 375 410 de
411 381 460 411 re
495 365 633 426 plura
661 366 791 427 apud
813 365 1095 414 Strabonem
1119 367 1249 414 Libr.
1274 366 1359 414 IV.
1385 386 1498 432 pag.

170 433 275 477 138.
324 429 450 476 Vide
472 439 522 476 et
546 431 703 492 ipsum
728 429 988 488 Caesarem,
1026 432 1143 479 Bell.
1165 432 1294 479 Gall.
1315 432 1400 479 IV.
1419 438 1496 483 22.

161 494 224 542 V.
248 499 291 541 8.
325 512 381 543 ac
406 494 634 552 Dionem,
669 495 930 543 XXXIX.
957 515 1069 561 pag.
1099 500 1202 548 114.
1237 497 1348 546 XL.
1384 517 1498 564 pag.

171 564 276 609 1⁶22.

225 693 264 722 ⁰⁶
305 693 606 759 Consilium]
642 692 1223 750 AbstinereaBritannia,
1248 704 1296 741 et
1311 696 1498 758 imperii

160 759 282 807 fines
314 775 553 815 coercere,
599 760 647 806 id
686 760 941 807 consilium
977 761 1184 807 vocabat
1219 761 1470 824 Augustus
1481 784 1495 818 3

161 826 220 872 de
245 842 342 890 quo
368 826 566 873 consilio
591 825 776 874 dictum
814 828 958 887 supra
995 826 1174 874 Annal.
1198 825 1237 872 I.
1271 831 1343 876 ll.
1414 828 1458 875 T
1462 830 1497 874 i·

159 893 334 946 berius,
354 892 437 954 qui
454 907 502 938 se
518 892 727 953 Augusti
743 891 1210 938 observantissimum
1226 892 1495 949 simulabat,

159 966 464 1021 praeceptum
484 957 770 1019 appellabat.
841 955 967 1003 Vide
986 956 1162 1003 Annal.
1187 958 1225 1003 Ι.
1249 962 1278 1010 7
1284 963 1325 1010 7.
1398 958 1499 1008 Cur

160 1026 268 1070 vero
309 1023 358 1068 id
397 1023 582 1069 consilii
618 1022 869 1085 agitaverit
891 1022 1142 1085 Augustus
1166 1024 1307 1070 docet
1329 1022 1497 1072 Strabo

160 1088 290 1137 Libr.
319 1087 388 1134 ΙΙ.
427 1105 538 1151 pag.
568 1092 644 1141 79.
682 1098 730 1135 et
756 1087 843 1134 IV.
868 1104 980 1150 pag.
1005 1091 1134 1134 138:
1173 1090 1359 1136 scilicet
1389 1090 1496 1152 plus

157 1155 480 1217 impensarum
516 1154 613 1200 fore
651 1154 699 1200 in
737 1154 976 1200 domanda
1013 1162 1061 1200 et
1100 1155 1348 1201 retinenda
1392 1155 1495 1202 Bri-

157 1221 337 1274 tannia,
375 1221 520 1282 quam
550 1219 767 1268 utilitatis
792 1220 841 1266 in
863 1220 1150 1281 possidenda
1173 1221 1493 1271 existimabat.

162 1287 334 1349 Itaque
357 1302 465 1332 eam
488 1286 678 1331 tautum
701 1286 907 1331 amicam
938 1296 987 1332 et
1010 1287 1298 1347 vectigalem
1320 1288 1495 1335 habere

157 1353 320 1400 voluit.
392 1351 518 1398 Vide
562 1349 842 1397 Strabonem
881 1352 972 1397 loc.
999 1352 1078 1398 cit.
1150 1350 1279 1401 Quae
1319 1362 1497 1401 cuncta

157 1420 241 1464 sua
271 1431 418 1464 manu
454 1417 794 1478 perscripserat
829 1418 1100 1478 Augustus:
1153 1418 1495 1481 addideratque

157 1484 411 1530 consilium
447 1483 702 1530 coercendi
740 1483 864 1529 intra
898 1483 1124 1530 terminos
1162 1484 1374 1546 imperii3
1424 1487 1494 1532 in-

156 1558 343 1597 certum
379 1556 528 1605 metu,
582 1564 643 1594 an
684 1564 769 1611 per
804 1549 1046 1595 invidiam.
1099 1549 1232 1596 Anu.
1275 1567 1386 1612 pag.
1420 1555 1491 1603 17,

155 1613 316 1661 Valuit
361 1622 523 1661 tamen
573 1615 866 1669 intercessio,
926 1614 1040 1677 quia
1072 1614 1206 1662 divus
1245 1617 1495 1678 Augustus

156 1687 189 1707 ‘⁶
229 1681 463 1727 immunes
503 1681 755 1728 verberum
792 1680 1075 1727 histriones''
1132 1683 1377 1743 quondam
1423 1700 1492 1729 re-

153 1746 426 1806 sponderat,
463 1763 621 1810 neque
650 1747 718 1793 fas
741 1745 938 1793 Tiberio
954 1745 1212 1809 infringere
1230 1750 1362 1798 dicta
1377 1750 1491 1812 ejus.

152 1811 285 1873 Anu.
312 1828 423 1876 pag.
446 1811 524 1858 692.
559 1812 657 1858 Ed.

219 1943 254 1968 9⁷
297 1940 465 1989 Caium
498 1941 773 2006 Casarem]
809 1942 1094 2004 Caligulam.
1155 1943 1275 1992 Vide
1293 1945 1490 2010 Supple-

152 2017 371 2056 mentum
407 2010 585 2055 Annal.
613 2008 765 2055 VIII.
798 2012 876 2054 35.
912 2017 959 2054 et
996 2026 1127 2072 seqq.
1202 2011 1358 2074 Igitur
1397 2030 1492 2061 non

152 2075 454 2136 propagandi
479 2075 665 2137 imperii
692 2074 865 2129 studio,
892 2074 974 2120 sed
1011 2077 1147 2121 solita
1184 2076 1391 2133 levitate,
1419 2080 1492 2125 vel

154 2142 274 2187 vana
302 2139 419 2189 Julii
453 2139 675 2195 Caesaris,
730 2139 1069 2187 Britannorum
1094 2143 1301 2198 victoris,
1341 2161 1490 2190 aemu-

151 2206 344 2261 latione,
382 2216 604 2269 suscepta
622 2206 868 2268 expeditio
894 2204 1186 2256 Britannica.
1225 2211 1358 2257 Anu.
1377 2227 1486 2275 pag.

216 2404 253 2430 ⁹⁸
287 2402 526 2451 Adversz‘cs
547 2404 853 2451 Germaniam
871 2406 1111 2470 conatus]
1149 2408 1272 2456 Vide
1291 2408 1486 2473 Supple-

151 2477 372 2516 mentum
396 2470 574 2518 Annal.
600 2470 748 2517 VIII.
777 2475 853 2516 202.
880 2479 928 2517 et
951 2488 1082 2534 seqq.
1155 2473 1288 2522 Dum
1330 2478 1487 2524 crimi-

150 2535 425 2583 nationibus
464 2536 870 2588 mutationibusve
910 2538 975 2583 ita
1014 2539 1207 2585 ludebat
1240 2540 1485 2603 Princeps,

150 2601 326 2648 exteris
376 2602 566 2665 opibus,
637 2602 787 2650 nullas
828 2604 933 2662 jam
985 2612 1272 2665 suppetente⁴
1331 2608 1483 2658 Italia.
