1668 3053
578 194 860 233 AGRICOLA.
1315 184 1376 229 45

67 294 263 343 Livius⁶³
305 303 531 349 veterum,
594 294 765 340 Fabius
802 293 1059 341 Rusticusffl*
1095 293 1375 347 recentium,

64 376 430 437 eloquentissimi
474 384 706 429 auctores,
784 376 1008 437 oblongae
1055 375 1252 421 scutulae
1305 375 1378 420 vel

67 455 298 516 bipenni⁶⁵
321 456 675 502 adsimulavere:
714 466 760 502 et
785 466 853 502 est
871 472 925 501 ea
942 456 1084 501 facies
1102 456 1220 501 citra
1240 453 1375 500 Cale·

68 535 275 590 doniam,
295 537 419 581 unde
434 545 479 581 et
496 536 544 580 in
562 536 829 582 universum
845 536 967 581 sama
983 546 1051 581 est
1066 544 1372 596 transgressa:

63 616 148 662 sed'
172 617 451 662 immensum
473 625 519 662 et
543 632 734 663 enorme
764 617 970 678 spatium
997 616 1375 678 procurrentium

63 704 272 745 extremo
294 699 400 757 jam
438 697 573 743 litore
608 707 849 752 terrarum,
911 698 1037 743 velut
1082 698 1130 742 in
1168 713 1373 746 cuneum

57 777 329 823 tenuatur.⁶⁵
416 776 559 823 Hanc
609 794 739 823 oram
785 779 1021 824 novissimi
1067 779 1207 824 maris
1252 787 1369 825 tunc

62 857 266 918 primum
285 855 497 903 Romana
515 859 672 905 classis
691 859 1021 913 circumvecta,
1059 860 1258 905 insulam
1274 876 1372 906 esse

62 936 354 985 Britanniam
373 940 691 994 adfirmavi&
727 955 782 985 ac
801 941 937 986 simul
954 941 1220 1001 incognitas
1238 940 1298 985 ad
1322 941 1370 987 id

57 1026 244 1079 tempus
288 1021 476 1074 insulas,
513 1036 628 1081 quas
665 1018 911 1066 Orcadas63
947 1030 1136 1074 vocant,
1172 1021 1367 1077 invenit,

59 1099 357 1163 domuitque:
408 1101 621 1162 dispecta
658 1110 727 1146 est
766 1110 812 1146 et
845 1099 1056 1154 Thule,‘'⁵⁹
1090 1117 1232 1163 quam
1256 1103 1369 1148 hac-

53 1189 190 1230 tenus
224 1182 323 1235 nix,
359 1189 405 1228 et
436 1182 586 1227 hiems
624 1181 848 1228 abdebat:
888 1181 968 1228 sed
990 1197 1118 1227 mare
1141 1183 1369 1243 pigrum⁷⁰

56 1274 103 1312 et
122 1282 261 1327 grave
279 1266 616 1328 remigantibus
635 1267 908 1328 perhibent:
935 1283 995 1312 ne
1013 1268 1160 1313 ventis
1176 1268 1368 1329 quidem

57 1346 253 1408 perinde
275 1347 443 1393 attolli:
484 1348 623 1393 credo
642 1347 766 1408 quod
789 1348 979 1394 rariores
1002 1356 1139 1394 terrae
1161 1357 1366 1394 montes-

57 1429 165 1490 que,
204 1445 343 1475 causa
372 1444 428 1474 ac
458 1430 653 1476 materia
674 1438 1025 1490 tempestatum,
1061 1439 1107 1476 ct
1135 1430 1367 1491 profunda

53 1510 199 1556 moles
215 1510 427 1556 continui
446 1510 586 1555 maris
603 1510 774 1555 tardius
797 1510 1064 1572 impellitur.
1133 1509 1366 1558 Naturam

55 1588 239 1636 Oceani
277 1599 417 1652 atque
459 1592 597 1636 aestsis
634 1606 787 1652 neque
815 1606 1025 1651 quaerere
1050 1592 1187 1652 hujus
1214 1592 1366 1652 operis

52 1680 137 1726 est,
174 1688 228 1718 ac
244 1672 376 1718 multi
396 1672 613 1717 retulere:
651 1688 798 1717 unum
823 1672 1096 1724 addiderim,
1132 1687 1363 1732 nusquam

51 1751 188 1797 latius
219 1751 447 1797 dominari
485 1752 667 1805 inare,⁷¹
723 1751 925 1796 multum
970 1750 1218 1796 fluminum
1267 1752 1363 1797 huc

49 1841 191 1894 atque
214 1832 325 1878 illuc
348 1832 481 1886 ferre,
518 1847 606 1878 nec
645 1832 780 1878 litore
810 1841 947 1877 tenus
979 1847 1244 1877 accrescere
1281 1841 1362 1877 aut

49 1913 292 1966 resorberi,
328 1914 407 1958 sed
435 1913 629 1958 influere
664 1913 853 1975 penitus
890 1923 1031 1974 atque
1068 1913 1263 1967 ambire,
1312 1922 1359 1960 et

37 1992 169 2054 jugis
192 1992 334 2039 etiam
358 2008 413 2038 ac
436 1993 675 2039 montibus
697 1993 833 2039 inseri
852 1993 978 2039 Velut
1003 1994 1049 2038 in
1068 2009 1164 2039 suo.

42 2184 44 2186 -
111 2150 205 2198 XI.
243 2152 481 2207 Ceterum,
519 2151 811 2199 Britanniam
853 2154 933 2214 qui
971 2153 1190 2199 mortales
1226 2153 1361 2200 initio

47 2233 292 2289 coluerint,
317 2234 594 2295 indigenae⁷²
610 2250 669 2279 an
687 2234 888 2287 advecti,
917 2243 969 2279 ut
986 2234 1107 2280 inter
1123 2234 1358 2289 barbaros,

44 2329 210 2373 parum
263 2324 571 2376 compertum.
664 2313 873 2360 Habitus
926 2329 1176 2375 corporum
1218 2313 1356 2360 varii:

44 2401 189 2454 atque
225 2410 285 2440 ex
333 2411 389 2440 eo
427 2403 724 2456 argumenta:
784 2410 989 2454 namque
1030 2394 1184 2442 rutilae
1221 2392 1358 2440 Cale-

46 2474 236 2520 doniam
272 2475 624 2520 habitantium73
663 2489 832 2527 comae,
868 2474 1027 2535 magni
1060 2483 1201 2528 artus,
1238 2472 1357 2519 Ger-

43 2554 278 2600 manicam
290 2555 560 2616 originem⁷⁴
575 2555 858 2604 adseverant.
911 2553 1148 2601 Silur11m⁷⁵
1165 2555 1358 2602 colorati
