<?xml version="1.0" encoding="UTF-8"?>
<!DOCTYPE html PUBLIC "-//W3C//DTD XHTML 1.0 Transitional//EN"
    "http://www.w3.org/TR/xhtml1/DTD/xhtml1-transitional.dtd">
<html xmlns="http://www.w3.org/1999/xhtml" xml:lang="en" lang="en">
 <head>
  <title>
</title>
<meta http-equiv="Content-Type" content="text/html;charset=utf-8" />
  <meta name='ocr-system' content='tesseract 3.04.00' />
  <meta name='ocr-capabilities' content='ocr_page ocr_carea ocr_par ocr_line ocrx_word'/>
</head>
<body>
  <div class='ocr_page' id='page_1' title='image "./demoribusgermano00taciuoft_0263.png"; bbox 0 0 1668 3053; ppageno 0'>
   <div class='ocr_carea' id='block_1_1' title="bbox 369 188 1483 241">
    <p class='ocr_par' dir='ltr' id='par_1_1' title="bbox 369 188 1483 241">
     <span class='ocr_line' id='line_1_1' title="bbox 369 188 1483 241; baseline 0.002 -10"><span class='ocrx_word' id='word_1_1' title='bbox 369 193 444 232; x_wconf 71' lang='lat' dir='ltr'>AD</span> <span class='ocrx_word' id='word_1_2' title='bbox 477 191 656 232; x_wconf 76' lang='lat' dir='ltr'>V1TAM</span> <span class='ocrx_word' id='word_1_3' title='bbox 693 191 783 230; x_wconf 81' lang='lat' dir='ltr'>CN.</span> <span class='ocrx_word' id='word_1_4' title='bbox 809 191 920 232; x_wconf 84' lang='lat' dir='ltr'>JUL.</span> <span class='ocrx_word' id='word_1_5' title='bbox 946 195 1249 236; x_wconf 70' lang='lat' dir='ltr'>AGRicoLAE.</span> <span class='ocrx_word' id='word_1_6' title='bbox 1386 188 1483 241; x_wconf 70' lang='lat'>‘247</span> 
     </span>
    </p>
   </div>
   <div class='ocr_carea' id='block_1_2' title="bbox 146 293 1491 1016">
    <p class='ocr_par' dir='ltr' id='par_1_2' title="bbox 146 293 1491 1016">
     <span class='ocr_line' id='line_1_2' title="bbox 155 293 1481 360; baseline 0.001 -15"><span class='ocrx_word' id='word_1_7' title='bbox 155 297 448 353; x_wconf 64' lang='lat' dir='ltr'>tentrionaIe,</span> <span class='ocrx_word' id='word_1_8' title='bbox 482 294 670 346; x_wconf 71' lang='lat' dir='ltr'>Tabula</span> <span class='ocrx_word' id='word_1_9' title='bbox 684 295 743 343; x_wconf 92' lang='lat' dir='ltr'>V.</span> <span class='ocrx_word' id='word_1_10' title='bbox 812 293 987 359; x_wconf 84' lang='lat' dir='ltr'><strong>Neque</strong></span> <span class='ocrx_word' id='word_1_11' title='bbox 1006 306 1075 344; x_wconf 88' lang='lat' dir='ltr'>est</span> <span class='ocrx_word' id='word_1_12' title='bbox 1098 298 1224 360; x_wconf 82' lang='lat' dir='ltr'>quod</span> <span class='ocrx_word' id='word_1_13' title='bbox 1249 298 1481 358; x_wconf 79' lang='lat' dir='ltr'>obiiciant</span> 
     </span>
     <span class='ocr_line' id='line_1_3' title="bbox 152 361 1483 425; baseline 0.001 -14"><span class='ocrx_word' id='word_1_14' title='bbox 152 371 308 413; x_wconf 84' lang='lat' dir='ltr'>castra</span> <span class='ocrx_word' id='word_1_15' title='bbox 330 364 410 413; x_wconf 88' lang='lat' dir='ltr'>illa</span> <span class='ocrx_word' id='word_1_16' title='bbox 430 363 618 410; x_wconf 82' lang='lat' dir='ltr'>minora</span> <span class='ocrx_word' id='word_1_17' title='bbox 634 378 751 417; x_wconf 88' lang='lat' dir='ltr'>esse,</span> <span class='ocrx_word' id='word_1_18' title='bbox 787 366 934 425; x_wconf 79' lang='lat' dir='ltr'>quam</span> <span class='ocrx_word' id='word_1_19' title='bbox 949 373 1000 409; x_wconf 91' lang='lat' dir='ltr'>ut</span> <span class='ocrx_word' id='word_1_20' title='bbox 1016 364 1249 411; x_wconf 87' lang='lat' dir='ltr'>exercitui</span> <span class='ocrx_word' id='word_1_21' title='bbox 1265 361 1483 412; x_wconf 87' lang='lat' dir='ltr'>Romano</span> 
     </span>
     <span class='ocr_line' id='line_1_4' title="bbox 155 428 1485 491; baseline 0.001 -15"><span class='ocrx_word' id='word_1_22' title='bbox 155 430 374 477; x_wconf 84' lang='lat' dir='ltr'>sufficere</span> <span class='ocrx_word' id='word_1_23' title='bbox 417 428 675 491; x_wconf 89' lang='lat' dir='ltr'>potuerint.</span> <span class='ocrx_word' id='word_1_24' title='bbox 744 428 860 475; x_wconf 87' lang='lat' dir='ltr'>Alia</span> <span class='ocrx_word' id='word_1_25' title='bbox 903 437 1026 476; x_wconf 87' lang='lat' dir='ltr'>retro</span> <span class='ocrx_word' id='word_1_26' title='bbox 1072 439 1119 475; x_wconf 85' lang='lat' dir='ltr'>et</span> <span class='ocrx_word' id='word_1_27' title='bbox 1156 429 1316 476; x_wconf 76' lang='lat' dir='ltr'>vicina</span> <span class='ocrx_word' id='word_1_28' title='bbox 1351 439 1485 477; x_wconf 84' lang='lat' dir='ltr'>erant</span> 
     </span>
     <span class='ocr_line' id='line_1_5' title="bbox 153 493 1486 558; baseline 0.001 -17"><span class='ocrx_word' id='word_1_29' title='bbox 153 504 326 550; x_wconf 88' lang='lat' dir='ltr'>castra,</span> <span class='ocrx_word' id='word_1_30' title='bbox 375 511 486 558; x_wconf 82' lang='lat' dir='ltr'>quae</span> <span class='ocrx_word' id='word_1_31' title='bbox 533 503 644 540; x_wconf 87' lang='lat' dir='ltr'>ante</span> <span class='ocrx_word' id='word_1_32' title='bbox 689 510 905 556; x_wconf 85' lang='lat' dir='ltr'>pugnam</span> <span class='ocrx_word' id='word_1_33' title='bbox 950 494 1198 542; x_wconf 79' lang='lat' dir='ltr'>obtinebat</span> <span class='ocrx_word' id='word_1_34' title='bbox 1243 493 1486 542; x_wconf 83' lang='lat' dir='ltr'>Romanus</span> 
     </span>
     <span class='ocr_line' id='line_1_6' title="bbox 146 557 1481 621; baseline 0 -14"><span class='ocrx_word' id='word_1_35' title='bbox 146 561 407 607; x_wconf 66' lang='lat' dir='ltr'>exercitus.</span> <span class='ocrx_word' id='word_1_36' title='bbox 479 557 683 609; x_wconf 83' lang='lat' dir='ltr'>Exstant</span> <span class='ocrx_word' id='word_1_37' title='bbox 723 574 933 621; x_wconf 86' lang='lat' dir='ltr'>quoque,</span> <span class='ocrx_word' id='word_1_38' title='bbox 991 569 1037 606; x_wconf 85' lang='lat' dir='ltr'>et</span> <span class='ocrx_word' id='word_1_39' title='bbox 1079 577 1136 607; x_wconf 88' lang='lat' dir='ltr'>ea</span> <span class='ocrx_word' id='word_1_40' title='bbox 1173 561 1371 607; x_wconf 81' lang='lat' dir='ltr'>exhibet</span> <span class='ocrx_word' id='word_1_41' title='bbox 1407 560 1481 608; x_wconf 92' lang='lat' dir='ltr'>Cl.</span> 
     </span>
     <span class='ocr_line' id='line_1_7' title="bbox 157 623 1488 689; baseline 0.001 -17"><span class='ocrx_word' id='word_1_42' title='bbox 157 625 358 673; x_wconf 87' lang='lat' dir='ltr'>Gordon</span> <span class='ocrx_word' id='word_1_43' title='bbox 406 626 456 670; x_wconf 91' lang='lat' dir='ltr'>in</span> <span class='ocrx_word' id='word_1_44' title='bbox 502 626 586 670; x_wconf 74' lang='lat' dir='ltr'>sua</span> <span class='ocrx_word' id='word_1_45' title='bbox 631 624 793 673; x_wconf 75' lang='lat' dir='ltr'>tabula</span> <span class='ocrx_word' id='word_1_46' title='bbox 839 623 1193 686; x_wconf 71' lang='lat' dir='ltr'>Geographica.</span> <span class='ocrx_word' id='word_1_47' title='bbox 1291 626 1488 689; x_wconf 82' lang='lat' dir='ltr'>Insigne</span> 
     </span>
     <span class='ocr_line' id='line_1_8' title="bbox 157 689 1486 753; baseline 0.001 -15"><span class='ocrx_word' id='word_1_48' title='bbox 157 699 319 738; x_wconf 87' lang='lat' dir='ltr'>autem</span> <span class='ocrx_word' id='word_1_49' title='bbox 343 689 560 740; x_wconf 70' lang='lat' dir='ltr'>victoriae</span> <span class='ocrx_word' id='word_1_50' title='bbox 583 699 950 738; x_wconf 84' lang='lat' dir='ltr'>monumentum</span> <span class='ocrx_word' id='word_1_51' title='bbox 981 690 1068 737; x_wconf 79' lang='lat' dir='ltr'>fuit</span> <span class='ocrx_word' id='word_1_52' title='bbox 1100 693 1204 753; x_wconf 86' lang='lat' dir='ltr'>ipsa</span> <span class='ocrx_word' id='word_1_53' title='bbox 1229 691 1342 738; x_wconf 65' lang='lat' dir='ltr'>urbs</span> <span class='ocrx_word' id='word_1_54' title='bbox 1370 690 1486 739; x_wconf 91' lang='lat' dir='ltr'>Vic-</span> 
     </span>
     <span class='ocr_line' id='line_1_9' title="bbox 154 754 1488 819; baseline 0.002 -17"><span class='ocrx_word' id='word_1_55' title='bbox 154 757 295 811; x_wconf 82' lang='lat' dir='ltr'>toria,</span> <span class='ocrx_word' id='word_1_56' title='bbox 363 770 494 805; x_wconf 90' lang='lat' dir='ltr'>nunc</span> <span class='ocrx_word' id='word_1_57' title='bbox 550 756 831 817; x_wconf 70' lang='lat' dir='ltr'>Abernetlzy.</span> <span class='ocrx_word' id='word_1_58' title='bbox 927 754 1040 802; x_wconf 87' lang='lat' dir='ltr'>Non</span> <span class='ocrx_word' id='word_1_59' title='bbox 1086 757 1136 803; x_wconf 89' lang='lat' dir='ltr'>in</span> <span class='ocrx_word' id='word_1_60' title='bbox 1180 758 1284 818; x_wconf 87' lang='lat' dir='ltr'>ipso</span> <span class='ocrx_word' id='word_1_61' title='bbox 1330 759 1488 819; x_wconf 83' lang='lat' dir='ltr'>proelii</span> 
     </span>
     <span class='ocr_line' id='line_1_10' title="bbox 155 820 1491 885; baseline 0.002 -18"><span class='ocrx_word' id='word_1_62' title='bbox 155 837 349 885; x_wconf 88' lang='lat' dir='ltr'>campo,</span> <span class='ocrx_word' id='word_1_63' title='bbox 386 820 469 869; x_wconf 88' lang='lat' dir='ltr'>sed</span> <span class='ocrx_word' id='word_1_64' title='bbox 503 822 636 883; x_wconf 87' lang='lat' dir='ltr'>quod</span> <span class='ocrx_word' id='word_1_65' title='bbox 677 820 974 870; x_wconf 85' lang='lat' dir='ltr'>commodius</span> <span class='ocrx_word' id='word_1_66' title='bbox 1008 830 1056 867; x_wconf 89' lang='lat' dir='ltr'>et</span> <span class='ocrx_word' id='word_1_67' title='bbox 1091 822 1256 878; x_wconf 85' lang='lat' dir='ltr'>tutius,</span> <span class='ocrx_word' id='word_1_68' title='bbox 1293 824 1491 871; x_wconf 59' lang='lat' dir='ltr'>condita</span> 
     </span>
     <span class='ocr_line' id='line_1_11' title="bbox 152 886 1488 950; baseline 0 -14"><span class='ocrx_word' id='word_1_69' title='bbox 152 895 226 936; x_wconf 83' lang='lat' dir='ltr'>est</span> <span class='ocrx_word' id='word_1_70' title='bbox 260 887 322 934; x_wconf 87' lang='lat' dir='ltr'>ad</span> <span class='ocrx_word' id='word_1_71' title='bbox 348 886 506 935; x_wconf 89' lang='lat' dir='ltr'>Taum</span> <span class='ocrx_word' id='word_1_72' title='bbox 530 888 823 944; x_wconf 85' lang='lat' dir='ltr'>aestuarium,</span> <span class='ocrx_word' id='word_1_73' title='bbox 860 902 989 935; x_wconf 86' lang='lat' dir='ltr'>nunc</span> <span class='ocrx_word' id='word_1_74' title='bbox 1013 886 1156 934; x_wconf 73' lang='lat' dir='ltr'>Firth</span> <span class='ocrx_word' id='word_1_75' title='bbox 1189 889 1248 946; x_wconf 66' lang='lat' dir='ltr'>of</span> <span class='ocrx_word' id='word_1_76' title='bbox 1280 887 1400 950; x_wconf 70' lang='lat' dir='ltr'>Tay,</span> <span class='ocrx_word' id='word_1_77' title='bbox 1439 891 1488 936; x_wconf 88' lang='lat' dir='ltr'>in</span> 
     </span>
     <span class='ocr_line' id='line_1_12' title="bbox 154 953 895 1016; baseline 0 -16"><span class='ocrx_word' id='word_1_78' title='bbox 154 953 324 1001; x_wconf 70' lang='lat' dir='ltr'>esidem</span> <span class='ocrx_word' id='word_1_79' title='bbox 348 953 597 1016; x_wconf 77' lang='lat' dir='ltr'>provincia</span> <span class='ocrx_word' id='word_1_80' title='bbox 621 953 895 1000; x_wconf 74' lang='lat' dir='ltr'>Strathern.</span> 
     </span>
    </p>
   </div>
   <div class='ocr_carea' id='block_1_3' title="bbox 155 1085 1496 1741">
    <p class='ocr_par' dir='ltr' id='par_1_3' title="bbox 155 1085 1496 1741">
     <span class='ocr_line' id='line_1_13' title="bbox 223 1085 1493 1152; baseline 0.002 -18"><span class='ocrx_word' id='word_1_81' title='bbox 223 1089 275 1119; x_wconf 69' lang='lat'>2⁴¹</span> <span class='ocrx_word' id='word_1_82' title='bbox 319 1085 460 1134; x_wconf 79' lang='lat' dir='ltr'>Citra</span> <span class='ocrx_word' id='word_1_83' title='bbox 485 1085 746 1135; x_wconf 81' lang='lat' dir='ltr'>Romanum</span> <span class='ocrx_word' id='word_1_84' title='bbox 769 1086 1083 1152; x_wconf 59' lang='lat' dir='ltr'>sanguinem]</span> <span class='ocrx_word' id='word_1_85' title='bbox 1124 1085 1349 1135; x_wconf 60' lang='lat' dir='ltr'>Blaxima</span> <span class='ocrx_word' id='word_1_86' title='bbox 1363 1090 1493 1136; x_wconf 86' lang='lat' dir='ltr'>enim</span> 
     </span>
     <span class='ocr_line' id='line_1_14' title="bbox 159 1153 1492 1202; baseline 0 0"><span class='ocrx_word' id='word_1_87' title='bbox 159 1153 487 1202; x_wconf 85' lang='lat' dir='ltr'>Romanorum</span> <span class='ocrx_word' id='word_1_88' title='bbox 532 1153 711 1200; x_wconf 89' lang='lat' dir='ltr'>ducum</span> <span class='ocrx_word' id='word_1_89' title='bbox 755 1154 856 1201; x_wconf 89' lang='lat' dir='ltr'>laus</span> <span class='ocrx_word' id='word_1_90' title='bbox 901 1163 949 1202; x_wconf 87' lang='lat' dir='ltr'>et</span> <span class='ocrx_word' id='word_1_91' title='bbox 988 1169 1104 1200; x_wconf 87' lang='lat' dir='ltr'>cura</span> <span class='ocrx_word' id='word_1_92' title='bbox 1142 1164 1243 1200; x_wconf 86' lang='lat' dir='ltr'>erat</span> <span class='ocrx_word' id='word_1_93' title='bbox 1282 1155 1492 1202; x_wconf 81' lang='lat' dir='ltr'>hostium</span> 
     </span>
     <span class='ocr_line' id='line_1_15' title="bbox 155 1217 1495 1283; baseline 0.001 -17"><span class='ocrx_word' id='word_1_94' title='bbox 155 1220 407 1268; x_wconf 80' lang='lat' dir='ltr'>audaciam</span> <span class='ocrx_word' id='word_1_95' title='bbox 443 1227 642 1266; x_wconf 83' lang='lat' dir='ltr'>externo</span> <span class='ocrx_word' id='word_1_96' title='bbox 672 1220 902 1282; x_wconf 83' lang='lat' dir='ltr'>sanguine</span> <span class='ocrx_word' id='word_1_97' title='bbox 925 1219 1104 1266; x_wconf 88' lang='lat' dir='ltr'>ulcisci.</span> <span class='ocrx_word' id='word_1_98' title='bbox 1176 1217 1301 1267; x_wconf 83' lang='lat' dir='ltr'>Vide</span> <span class='ocrx_word' id='word_1_99' title='bbox 1349 1224 1495 1283; x_wconf 75' lang='lat' dir='ltr'>supra</span> 
     </span>
     <span class='ocr_line' id='line_1_16' title="bbox 159 1282 1492 1349; baseline 0.002 -17"><span class='ocrx_word' id='word_1_100' title='bbox 159 1285 338 1333; x_wconf 87' lang='lat' dir='ltr'>Annal.</span> <span class='ocrx_word' id='word_1_101' title='bbox 364 1282 509 1331; x_wconf 87' lang='lat' dir='ltr'>XIV.</span> <span class='ocrx_word' id='word_1_102' title='bbox 536 1288 614 1331; x_wconf 71' lang='lat'>23.</span> <span class='ocrx_word' id='word_1_103' title='bbox 685 1283 881 1332; x_wconf 86' lang='lat' dir='ltr'>Barbari</span> <span class='ocrx_word' id='word_1_104' title='bbox 917 1301 1003 1347; x_wconf 91' lang='lat' dir='ltr'>pro</span> <span class='ocrx_word' id='word_1_105' title='bbox 1041 1284 1235 1347; x_wconf 84' lang='lat' dir='ltr'>ingenio</span> <span class='ocrx_word' id='word_1_106' title='bbox 1272 1287 1492 1349; x_wconf 78' lang='lat' dir='ltr'>quisque,</span> 
     </span>
     <span class='ocr_line' id='line_1_17' title="bbox 159 1350 1494 1414; baseline 0 -16"><span class='ocrx_word' id='word_1_107' title='bbox 159 1352 236 1398; x_wconf 86' lang='lat' dir='ltr'>alii</span> <span class='ocrx_word' id='word_1_108' title='bbox 262 1367 429 1414; x_wconf 83' lang='lat' dir='ltr'>preces</span> <span class='ocrx_word' id='word_1_109' title='bbox 452 1350 637 1407; x_wconf 82' lang='lat' dir='ltr'>offerre,</span> <span class='ocrx_word' id='word_1_110' title='bbox 678 1351 875 1413; x_wconf 85' lang='lat' dir='ltr'>quidam</span> <span class='ocrx_word' id='word_1_111' title='bbox 912 1350 1127 1398; x_wconf 85' lang='lat' dir='ltr'>deserere</span> <span class='ocrx_word' id='word_1_112' title='bbox 1162 1351 1309 1406; x_wconf 76' lang='lat' dir='ltr'>vicos,</span> <span class='ocrx_word' id='word_1_113' title='bbox 1360 1362 1408 1398; x_wconf 92' lang='lat' dir='ltr'>et</span> <span class='ocrx_word' id='word_1_114' title='bbox 1444 1353 1494 1398; x_wconf 85' lang='lat' dir='ltr'>iu</span> 
     </span>
     <span class='ocr_line' id='line_1_18' title="bbox 155 1415 1493 1480; baseline 0.001 -16"><span class='ocrx_word' id='word_1_115' title='bbox 155 1417 262 1464; x_wconf 81' lang='lat' dir='ltr'>avia</span> <span class='ocrx_word' id='word_1_116' title='bbox 297 1417 502 1479; x_wconf 83' lang='lat' dir='ltr'>digredi:</span> <span class='ocrx_word' id='word_1_117' title='bbox 554 1432 611 1463; x_wconf 86' lang='lat' dir='ltr'>ac</span> <span class='ocrx_word' id='word_1_118' title='bbox 647 1415 777 1464; x_wconf 74' lang='lat' dir='ltr'>fuere</span> <span class='ocrx_word' id='word_1_119' title='bbox 815 1417 896 1480; x_wconf 90' lang='lat' dir='ltr'>qui</span> <span class='ocrx_word' id='word_1_120' title='bbox 934 1434 983 1463; x_wconf 91' lang='lat' dir='ltr'>se</span> <span class='ocrx_word' id='word_1_121' title='bbox 1018 1416 1274 1478; x_wconf 83' lang='lat' dir='ltr'>speluncis,</span> <span class='ocrx_word' id='word_1_122' title='bbox 1328 1434 1384 1464; x_wconf 88' lang='lat' dir='ltr'>ac</span> <span class='ocrx_word' id='word_1_123' title='bbox 1414 1434 1493 1465; x_wconf 88' lang='lat' dir='ltr'>ca—</span> 
     </span>
     <span class='ocr_line' id='line_1_19' title="bbox 159 1481 1494 1545; baseline 0.002 -16"><span class='ocrx_word' id='word_1_124' title='bbox 159 1484 343 1529; x_wconf 83' lang='lat' dir='ltr'>rissima</span> <span class='ocrx_word' id='word_1_125' title='bbox 379 1499 560 1538; x_wconf 90' lang='lat' dir='ltr'>secum,</span> <span class='ocrx_word' id='word_1_126' title='bbox 597 1483 842 1529; x_wconf 79' lang='lat' dir='ltr'>abderent.</span> <span class='ocrx_word' id='word_1_127' title='bbox 916 1483 1089 1545; x_wconf 85' lang='lat' dir='ltr'>Igitur,</span> <span class='ocrx_word' id='word_1_128' title='bbox 1126 1483 1225 1528; x_wconf 84' lang='lat' dir='ltr'>dux</span> <span class='ocrx_word' id='word_1_129' title='bbox 1249 1481 1494 1532; x_wconf 84' lang='lat' dir='ltr'>Romanus</span> 
     </span>
     <span class='ocr_line' id='line_1_20' title="bbox 159 1548 1493 1611; baseline 0.001 -17"><span class='ocrx_word' id='word_1_130' title='bbox 159 1549 352 1595; x_wconf 84' lang='lat' dir='ltr'>diversis</span> <span class='ocrx_word' id='word_1_131' title='bbox 384 1549 580 1603; x_wconf 88' lang='lat' dir='ltr'>artibus,</span> <span class='ocrx_word' id='word_1_132' title='bbox 617 1548 944 1596; x_wconf 72' lang='lat' dir='ltr'>misericordia</span> <span class='ocrx_word' id='word_1_133' title='bbox 976 1549 1198 1595; x_wconf 74' lang='lat' dir='ltr'>adversus</span> <span class='ocrx_word' id='word_1_134' title='bbox 1235 1549 1493 1611; x_wconf 87' lang='lat' dir='ltr'>supplices,</span> 
     </span>
     <span class='ocr_line' id='line_1_21' title="bbox 160 1613 1493 1678; baseline 0.001 -17"><span class='ocrx_word' id='word_1_135' title='bbox 160 1614 403 1661; x_wconf 81' lang='lat' dir='ltr'>celeritate</span> <span class='ocrx_word' id='word_1_136' title='bbox 448 1613 669 1660; x_wconf 75' lang='lat' dir='ltr'>adversus</span> <span class='ocrx_word' id='word_1_137' title='bbox 712 1615 957 1677; x_wconf 86' lang='lat' dir='ltr'>profugos,</span> <span class='ocrx_word' id='word_1_138' title='bbox 1027 1613 1222 1660; x_wconf 87' lang='lat' dir='ltr'>immitis</span> <span class='ocrx_word' id='word_1_139' title='bbox 1267 1615 1340 1670; x_wconf 90' lang='lat' dir='ltr'>iis,</span> <span class='ocrx_word' id='word_1_140' title='bbox 1411 1617 1493 1678; x_wconf 92' lang='lat' dir='ltr'>qui</span> 
     </span>
     <span class='ocr_line' id='line_1_22' title="bbox 158 1680 1496 1741; baseline 0.001 -14"><span class='ocrx_word' id='word_1_141' title='bbox 158 1681 361 1727; x_wconf 86' lang='lat' dir='ltr'>latebras</span> <span class='ocrx_word' id='word_1_142' title='bbox 396 1680 681 1736; x_wconf 79' lang='lat' dir='ltr'>insederant,</span> <span class='ocrx_word' id='word_1_143' title='bbox 733 1696 816 1727; x_wconf 88' lang='lat' dir='ltr'>ora</span> <span class='ocrx_word' id='word_1_144' title='bbox 855 1689 902 1727; x_wconf 88' lang='lat' dir='ltr'>et</span> <span class='ocrx_word' id='word_1_145' title='bbox 939 1680 1095 1727; x_wconf 82' lang='lat' dir='ltr'>exitus</span> <span class='ocrx_word' id='word_1_146' title='bbox 1133 1695 1364 1741; x_wconf 86' lang='lat' dir='ltr'>specuum</span> <span class='ocrx_word' id='word_1_147' title='bbox 1400 1698 1496 1728; x_wconf 85' lang='lat' dir='ltr'>sar-</span> 
     </span>
    </p>
   </div>
   <div class='ocr_carea' id='block_1_4' title="bbox 158 1745 1494 1875">
    <p class='ocr_par' dir='ltr' id='par_1_4' title="bbox 158 1745 1494 1875">
     <span class='ocr_line' id='line_1_23' title="bbox 158 1745 1494 1856; baseline -0.001 -63"><span class='ocrx_word' id='word_1_148' title='bbox 158 1745 670 1856; x_wconf 56' lang='lat' dir='ltr'>ineiitisfivii·g{i:1cli1:isque</span> <span class='ocrx_word' id='word_1_149' title='bbox 707 1747 990 1808; x_wconf 86' lang='lat' dir='ltr'>completos,</span> <span class='ocrx_word' id='word_1_150' title='bbox 1026 1746 1127 1808; x_wconf 83' lang='lat' dir='ltr'>igni</span> <span class='ocrx_word' id='word_1_151' title='bbox 1152 1747 1323 1793; x_wconf 83' lang='lat' dir='ltr'>exurit.</span> <span class='ocrx_word' id='word_1_152' title='bbox 1360 1746 1494 1793; x_wconf 84' lang='lat' dir='ltr'>Anu.</span> 
     </span>
     <span class='ocr_line' id='line_1_24' title="bbox 161 1815 535 1875; baseline -0.005 -17"><span class='ocrx_word' id='word_1_153' title='bbox 161 1815 314 1875; x_wconf 81' lang='lat' dir='ltr'>pag.l</span> <span class='ocrx_word' id='word_1_154' title='bbox 360 1816 401 1863; x_wconf 88' lang='lat'>7.</span> <span class='ocrx_word' id='word_1_155' title='bbox 527 1848 535 1856; x_wconf 92' lang='lat'><strong>.</strong></span> 
     </span>
    </p>
   </div>
   <div class='ocr_carea' id='block_1_5' title="bbox 159 1939 1508 2661">
    <p class='ocr_par' dir='ltr' id='par_1_5' title="bbox 159 1939 1508 2661">
     <span class='ocr_line' id='line_1_25' title="bbox 225 1939 1497 2004; baseline 0 -16"><span class='ocrx_word' id='word_1_156' title='bbox 225 1942 280 1972; x_wconf 69' lang='lat'>24²</span> <span class='ocrx_word' id='word_1_157' title='bbox 321 1940 645 2003; x_wconf 66' lang='lat' dir='ltr'>Covinarz&#39;us]</span> <span class='ocrx_word' id='word_1_158' title='bbox 680 1939 979 1997; x_wconf 77' lang='lat' dir='ltr'>Covinarius,</span> <span class='ocrx_word' id='word_1_159' title='bbox 1017 1941 1181 2004; x_wconf 81' lang='lat' dir='ltr'>auriga</span> <span class='ocrx_word' id='word_1_160' title='bbox 1201 1950 1301 1988; x_wconf 84' lang='lat' dir='ltr'>erat</span> <span class='ocrx_word' id='word_1_161' title='bbox 1317 1945 1497 1998; x_wconf 73' lang='lat' dir='ltr'>currfis,</span> 
     </span>
     <span class='ocr_line' id='line_1_26' title="bbox 163 2006 1499 2070; baseline 0.001 -18"><span class='ocrx_word' id='word_1_162' title='bbox 163 2009 300 2070; x_wconf 76' lang='lat' dir='ltr'>cujus</span> <span class='ocrx_word' id='word_1_163' title='bbox 323 2006 425 2053; x_wconf 80' lang='lat' dir='ltr'>axis</span> <span class='ocrx_word' id='word_1_164' title='bbox 448 2007 498 2052; x_wconf 90' lang='lat' dir='ltr'>in</span> <span class='ocrx_word' id='word_1_165' title='bbox 522 2007 721 2053; x_wconf 85' lang='lat' dir='ltr'>modum</span> <span class='ocrx_word' id='word_1_166' title='bbox 759 2007 893 2053; x_wconf 83' lang='lat' dir='ltr'>falcis</span> <span class='ocrx_word' id='word_1_167' title='bbox 930 2017 1029 2054; x_wconf 85' lang='lat' dir='ltr'>erat</span> <span class='ocrx_word' id='word_1_168' title='bbox 1067 2024 1307 2054; x_wconf 73' lang='lat' dir='ltr'>recurvus.</span> <span class='ocrx_word' id='word_1_169' title='bbox 1378 2008 1499 2054; x_wconf 87' lang='lat' dir='ltr'>Inde</span> 
     </span>
     <span class='ocr_line' id='line_1_27' title="bbox 163 2070 1499 2135; baseline -0.001 -14"><span class='ocrx_word' id='word_1_170' title='bbox 163 2072 304 2121; x_wconf 51' lang='lat' dir='ltr'>§Iela</span> <span class='ocrx_word' id='word_1_171' title='bbox 349 2072 448 2118; x_wconf 92' lang='grc' dir='ltr'><strong>ΙΙΙ.</strong></span> <span class='ocrx_word' id='word_1_172' title='bbox 491 2070 535 2119; x_wconf 85' lang='grc'>6.</span> <span class='ocrx_word' id='word_1_173' title='bbox 609 2071 825 2119; x_wconf 83' lang='lat' dir='ltr'>Britanni</span> <span class='ocrx_word' id='word_1_174' title='bbox 873 2072 1104 2120; x_wconf 77' lang='lat' dir='ltr'>dimicant</span> <span class='ocrx_word' id='word_1_175' title='bbox 1149 2091 1236 2119; x_wconf 78' lang='lat' dir='ltr'>mm</span> <span class='ocrx_word' id='word_1_176' title='bbox 1281 2076 1499 2135; x_wconf 74' lang='lat' dir='ltr'>equitatu</span> 
     </span>
     <span class='ocr_line' id='line_1_28' title="bbox 163 2136 1498 2203; baseline -0.001 -17"><span class='ocrx_word' id='word_1_177' title='bbox 163 2136 311 2194; x_wconf 54' lang='lat' dir='ltr'>mode,</span> <span class='ocrx_word' id='word_1_178' title='bbox 362 2146 447 2184; x_wconf 77' lang='lat' dir='ltr'>aut</span> <span class='ocrx_word' id='word_1_179' title='bbox 482 2137 662 2197; x_wconf 75' lang='lat' dir='ltr'>pedite,</span> <span class='ocrx_word' id='word_1_180' title='bbox 722 2136 882 2184; x_wconf 50' lang='lat' dir='ltr'>verum</span> <span class='ocrx_word' id='word_1_181' title='bbox 924 2147 969 2186; x_wconf 82' lang='lat' dir='ltr'>et</span> <span class='ocrx_word' id='word_1_182' title='bbox 1008 2140 1126 2203; x_wconf 78' lang='lat' dir='ltr'>bigis</span> <span class='ocrx_word' id='word_1_183' title='bbox 1166 2147 1212 2186; x_wconf 74' lang='lat' dir='ltr'>et</span> <span class='ocrx_word' id='word_1_184' title='bbox 1249 2141 1469 2186; x_wconf 76' lang='lat' dir='ltr'>curribus</span> <span class='ocrx_word' id='word_1_185' title='bbox 1480 2162 1498 2194; x_wconf 88' lang='lat'>‚-</span> 
     </span>
     <span class='ocr_line' id='line_1_29' title="bbox 169 2200 1504 2266; baseline -0.001 -13"><span class='ocrx_word' id='word_1_186' title='bbox 169 2200 356 2253; x_wconf 59' lang='lat' dir='ltr'>Gallie&amp;</span> <span class='ocrx_word' id='word_1_187' title='bbox 395 2205 593 2260; x_wconf 74' lang='lat' dir='ltr'>armati,</span> <span class='ocrx_word' id='word_1_188' title='bbox 630 2205 810 2250; x_wconf 81' lang='lat' dir='ltr'>covz&#39;nos</span> <span class='ocrx_word' id='word_1_189' title='bbox 838 2213 1024 2260; x_wconf 63' lang='lat' dir='ltr'>vocant,</span> <span class='ocrx_word' id='word_1_190' title='bbox 1074 2220 1269 2266; x_wconf 77' lang='lat' dir='ltr'>qnorum</span> <span class='ocrx_word' id='word_1_191' title='bbox 1293 2206 1504 2264; x_wconf 74' lang='lat' dir='ltr'>falcatis</span> 
     </span>
     <span class='ocr_line' id='line_1_30' title="bbox 166 2268 1507 2326; baseline -0.001 -7"><span class='ocrx_word' id='word_1_192' title='bbox 166 2273 332 2319; x_wconf 69' lang='lat' dir='ltr'>axibus</span> <span class='ocrx_word' id='word_1_193' title='bbox 355 2277 572 2317; x_wconf 75' lang='lat' dir='ltr'>utuntur.</span> <span class='ocrx_word' id='word_1_194' title='bbox 643 2268 903 2319; x_wconf 84' lang='lat' dir='ltr'>Quomodo</span> <span class='ocrx_word' id='word_1_195' title='bbox 927 2281 1087 2317; x_wconf 86' lang='lat' dir='ltr'>autem</span> <span class='ocrx_word' id='word_1_196' title='bbox 1125 2288 1152 2317; x_wconf 92' lang='lat' dir='ltr'>e</span> <span class='ocrx_word' id='word_1_197' title='bbox 1189 2271 1385 2326; x_wconf 82' lang='lat' dir='ltr'>covinis,</span> <span class='ocrx_word' id='word_1_198' title='bbox 1423 2280 1507 2317; x_wconf 86' lang='lat' dir='ltr'>aut</span> 
     </span>
     <span class='ocr_line' id='line_1_31' title="bbox 165 2335 1502 2400; baseline -0.002 -15"><span class='ocrx_word' id='word_1_199' title='bbox 165 2338 356 2391; x_wconf 83' lang='lat' dir='ltr'>essedis,</span> <span class='ocrx_word' id='word_1_200' title='bbox 394 2344 683 2400; x_wconf 80' lang='lat' dir='ltr'>pugnarent,</span> <span class='ocrx_word' id='word_1_201' title='bbox 721 2336 864 2383; x_wconf 88' lang='lat' dir='ltr'>docet</span> <span class='ocrx_word' id='word_1_202' title='bbox 879 2335 1035 2383; x_wconf 88' lang='lat' dir='ltr'>Julius</span> <span class='ocrx_word' id='word_1_203' title='bbox 1051 2335 1215 2384; x_wconf 81' lang='lat' dir='ltr'>Caesar</span> <span class='ocrx_word' id='word_1_204' title='bbox 1234 2335 1351 2383; x_wconf 90' lang='lat' dir='ltr'>Bell.</span> <span class='ocrx_word' id='word_1_205' title='bbox 1375 2336 1502 2383; x_wconf 89' lang='lat' dir='ltr'>Gall.</span> 
     </span>
     <span class='ocr_line' id='line_1_32' title="bbox 167 2401 1504 2466; baseline -0.003 -15"><span class='ocrx_word' id='word_1_206' title='bbox 167 2402 255 2451; x_wconf 87' lang='lat' dir='ltr'>IV.</span> <span class='ocrx_word' id='word_1_207' title='bbox 282 2405 361 2450; x_wconf 80' lang='lat'>33.</span> <span class='ocrx_word' id='word_1_208' title='bbox 437 2403 596 2450; x_wconf 77' lang='lat' dir='ltr'>Genus</span> <span class='ocrx_word' id='word_1_209' title='bbox 636 2401 718 2449; x_wconf 79' lang='lat' dir='ltr'>hoc</span> <span class='ocrx_word' id='word_1_210' title='bbox 754 2409 825 2449; x_wconf 82' lang='lat' dir='ltr'>est</span> <span class='ocrx_word' id='word_1_211' title='bbox 849 2418 905 2448; x_wconf 72' lang='lat' dir='ltr'>ex</span> <span class='ocrx_word' id='word_1_212' title='bbox 927 2401 1098 2449; x_wconf 75' lang='lat' dir='ltr'>essedis</span> <span class='ocrx_word' id='word_1_213' title='bbox 1114 2415 1311 2466; x_wconf 70' lang='lat' dir='ltr'>Pugnae:</span> <span class='ocrx_word' id='word_1_214' title='bbox 1345 2401 1504 2462; x_wconf 63' lang='lat' dir='ltr'>prim&amp;</span> 
     </span>
     <span class='ocr_line' id='line_1_33' title="bbox 159 2469 1504 2530; baseline -0.001 -14"><span class='ocrx_word' id='word_1_215' title='bbox 159 2482 252 2530; x_wconf 81' lang='lat' dir='ltr'>per</span> <span class='ocrx_word' id='word_1_216' title='bbox 286 2485 437 2514; x_wconf 69' lang='lat' dir='ltr'>omnes</span> <span class='ocrx_word' id='word_1_217' title='bbox 468 2476 639 2528; x_wconf 75' lang='lat' dir='ltr'>partes</span> <span class='ocrx_word' id='word_1_218' title='bbox 670 2469 998 2529; x_wconf 77' lang='lat' dir='ltr'>perequitant,</span> <span class='ocrx_word' id='word_1_219' title='bbox 1043 2476 1088 2515; x_wconf 81' lang='lat' dir='ltr'>et</span> <span class='ocrx_word' id='word_1_220' title='bbox 1114 2469 1207 2515; x_wconf 82' lang='lat' dir='ltr'>tela</span> <span class='ocrx_word' id='word_1_221' title='bbox 1232 2470 1504 2527; x_wconf 77' lang='lat' dir='ltr'>conjiciunt,</span> 
     </span>
     <span class='ocr_line' id='line_1_34' title="bbox 167 2536 1504 2596; baseline -0.003 -14"><span class='ocrx_word' id='word_1_222' title='bbox 167 2543 313 2596; x_wconf 80' lang='lat' dir='ltr'>atque</span> <span class='ocrx_word' id='word_1_223' title='bbox 352 2536 448 2594; x_wconf 78' lang='lat' dir='ltr'>ipso</span> <span class='ocrx_word' id='word_1_224' title='bbox 490 2541 672 2580; x_wconf 81' lang='lat' dir='ltr'>terrore</span> <span class='ocrx_word' id='word_1_225' title='bbox 710 2549 934 2595; x_wconf 81' lang='lat' dir='ltr'>equorum</span> <span class='ocrx_word' id='word_1_226' title='bbox 972 2541 1019 2581; x_wconf 81' lang='lat' dir='ltr'>et</span> <span class='ocrx_word' id='word_1_227' title='bbox 1041 2537 1245 2595; x_wconf 82' lang='lat' dir='ltr'>strepitu</span> <span class='ocrx_word' id='word_1_228' title='bbox 1271 2541 1504 2588; x_wconf 76' lang='lat' dir='ltr'>rotarum,</span> 
     </span>
     <span class='ocr_line' id='line_1_35' title="bbox 166 2598 1508 2661; baseline -0.003 -13"><span class='ocrx_word' id='word_1_229' title='bbox 166 2602 351 2648; x_wconf 83' lang='lat' dir='ltr'>ordines</span> <span class='ocrx_word' id='word_1_230' title='bbox 374 2600 655 2661; x_wconf 78' lang='lat' dir='ltr'>plerumque</span> <span class='ocrx_word' id='word_1_231' title='bbox 675 2601 991 2660; x_wconf 79' lang='lat' dir='ltr'>perturbant:</span> <span class='ocrx_word' id='word_1_232' title='bbox 1061 2608 1109 2647; x_wconf 80' lang='lat' dir='ltr'>et</span> <span class='ocrx_word' id='word_1_233' title='bbox 1148 2598 1248 2646; x_wconf 71' lang='grc' dir='ltr'><em>ειὶηι</em></span> <span class='ocrx_word' id='word_1_234' title='bbox 1292 2616 1341 2647; x_wconf 83' lang='lat' dir='ltr'>se</span> <span class='ocrx_word' id='word_1_235' title='bbox 1382 2601 1508 2645; x_wconf 68' lang='lat' dir='ltr'>inter·</span> 
     </span>
    </p>
   </div>
  </div>
 </body>
</html>
