1668 3053
296 154 365 189 AD
402 155 500 189 Lm.
528 155 599 190 DE
636 154 871 190 moninus
908 154 1304 191 GERMANORUM.
1365 144 1452 190 139

149 254 259 301 etin
276 255 430 301 caedes
445 254 566 300 ultro
582 263 810 308 ruentem,
847 256 1184 316 sapientissime
1202 255 1454 315 provisum,

150 327 203 365 ut
241 319 308 365 ira
342 319 584 380 placabilis
622 319 756 369 foret,
813 330 858 364 et
899 322 999 380 ipsa
1035 320 1304 372 homicidia,
1362 335 1457 368 non

149 392 317 438 morte,
365 384 445 430 sed
481 383 648 444 pretio,
697 385 949 439 merentur,
997 393 1190 446 totaque
1226 384 1455 433 interfecti

149 449 320 495 domus
351 449 581 509 reciperet
616 449 993 495 satisfactionem.
1061 449 1135 494 Sic
1168 449 1294 494 enim
1317 465 1455 496 nemo

151 514 374 567 infensus,
410 530 548 559 nemo
580 512 639 558 ad
663 513 888 560 ultionem
914 515 1119 560 intentus
1141 522 1316 559 manet.
1387 515 1456 559 At

149 594 210 624 ne
248 587 524 638 paupertate
568 588 797 624 cresceret
833 578 1206 625 interfectoribus
1241 578 1453 633 audacia,

149 643 327 704 optime
368 643 523 690 adhuc
568 643 834 688 consultum
877 644 1046 704 primo,
1114 652 1165 689 ut
1217 643 1454 689 homicida

148 716 381 769 quantum
406 708 597 753 haberet
621 708 840 763 solveret3
877 709 1061 761 deinde,
1095 718 1148 753 ut
1184 709 1243 754 de
1278 708 1456 768 reliquo

149 772 413 818 satisfacere
463 781 700 819 teneretur
751 782 852 818 tota
907 772 1214 819 interfectoris
1273 773 1452 818 domuS.

147 835 259 885 Qua
275 840 399 883 certe
418 853 467 883 re
483 838 564 883 vix
586 837 844 898 quidquam
860 838 1018 884 utilius
1040 838 1087 884 in
1111 837 1304 898 publica
1327 853 1454 898 com·

146 902 289 947 moda
327 903 584 963 excogitari
619 903 790 962 potuit,
826 904 952 957 cum,
989 904 1163 964 quanto
1201 902 1350 962 major
1387 913 1456 948 est

147 967 352 1021 libertas,
423 970 552 1012 tanto
607 967 960 1027 periculosiores
1025 968 1115 1012 siut
1174 967 1453 1014 inimicitiae.

148 1029 337 1079 Quibus
365 1042 522 1077 autem
551 1032 836 1077 caerimoniis
868 1031 1179 1078 satisfaciendi
1207 1033 1457 1079 necessitas

148 1095 196 1141 in
232 1096 539 1142 interfectoris
581 1096 774 1142 domum
813 1098 1027 1143 transiret
1051 1097 1155 1142 vide
1178 1098 1225 1142 in
1248 1095 1387 1142 Notis
1410 1106 1458 1143 et

148 1160 568 1207 Emendationibus
587 1161 645 1207 ad
663 1177 766 1221 cap.
785 1165 860 1211 21,
910 1161 1054 1207 Simul
1072 1161 1129 1206 de
1145 1161 1457 1209 satisfactione

146 1226 274 1286 apud
287 1224 585 1272 Canadenses
598 1227 798 1287 populos
811 1227 1007 1273 dicetur.
1077 1225 1186 1274 Qua
1206 1227 1253 1272 in
1269 1242 1316 1272 re
1332 1227 1456 1287 ipsos

151 1289 414 1337 Germanos
430 1293 595 1337 vicere.
643 1290 764 1336 Cum
783 1293 910 1351 apud
925 1291 1188 1338 Germanos
1203 1292 1459 1338 homicidia

146 1356 354 1416 primum
405 1366 722 1402 armentorum
765 1372 1087 1418 pecorumque
1130 1372 1342 1409 numero,
1400 1373 1455 1402 ac

145 1421 314 1467 deinde
353 1422 714 1482 augescentibus
752 1422 936 1482 opibus,
974 1421 1178 1484 pecunia
1199 1422 1454 1476 lueremus,

147 1501 208 1531 ne
243 1496 401 1532 tamen
436 1503 620 1533 reorum
664 1495 941 1547 paupertate
981 1487 1199 1548 glisceret
1242 1487 1454 1541 audacia,

145 1551 268 1597 bene
313 1553 596 1605 consultum,
659 1560 712 1596 ut
758 1551 1010 1598 satisfactio
1055 1551 1105 1595 in
1149 1551 1456 1599 interfectoris

146 1615 340 1661 domurn
398 1617 625 1662 transiret.
725 1615 914 1664 Quibus
973 1624 1130 1663 autem
1187 1617 1353 1663 ritibus
1408 1616 1456 1664 id

145 1690 460 1742 perageretur,
512 1682 651 1727 docet
696 1680 799 1727 Lex
840 1681 1007 1736 Salica,
1070 1680 1167 1726 Tit.
1201 1680 1339 1727 LXI.
1401 1681 1456 1727 de

153 1744 317 1792 Claeren.
336 1746 491 1792 crude.
562 1746 620 1792 Id
642 1756 726 1801 est,
764 1746 819 1792 de
843 1763 997 1792 vacuo.
1035 1745 1151 1807 Leg.
1176 1749 1214 1791 1.
1285 1746 1458 1806 Siquis

146 1809 364 1857 hominem
382 1811 615 1864 occider-it,
635 1813 743 1857 etin
761 1810 856 1856 told
867 1811 1109 1868 facullate
1124 1827 1208 1856 non
1225 1811 1454 1866 habuerit,

148 1876 266 1921 uncle
314 1884 454 1922 lotum
497 1877 637 1939 legem
684 1876 887 1935 κ’)ηρίεαΐ,
942 1876 1176 1922 duodecim
1215 1877 1458 1933 juralores

142 1940 294 1995 dabit,
319 1942 442 2001 quod
458 1957 536 1987 nec
554 1942 713 1987 subtus
733 1950 924 1995 lerr'um,
950 1957 1095 2002 neque
1112 1956 1255 2000 supra
1276 1949 1453 1988 terram

139 2006 248 2064 plus
272 2006 327 2051 de
346 2007 589 2064 facultate
607 2007 787 2059 habeat,
824 2004 1178 2066 qudmdonarit.
1215 2005 1282 2051 Et
1292 2013 1456 2066 possea

147 2070 275 2116 debet
292 2072 338 2116 in
353 2088 503 2117 casum
527 2088 656 2118 suam
684 2072 879 2126 inlrare,
915 2079 960 2117 et
977 2071 1032 2117 de
1047 2078 1250 2131 quatuor
1272 2071 1457 2134 angulis

149 2142 286 2180 terrae
303 2137 540 2195 pulverem
581 2138 627 2182 in
664 2148 821 2198 pugno
856 2137 1089 2199 colligere,
1138 2142 1184 2180 et
1211 2143 1370 2196 postea
1407 2136 1455 2182 in

146 2200 394 2260 duropello,
431 2202 477 2247 id
492 2210 560 2248 est
575 2217 698 2248 casae
713 2201 891 2256 limine,
915 2210 1060 2255 stare,
1096 2207 1143 2246 et
1161 2201 1285 2246 intus
1300 2217 1452 2247 casam

144 2273 356 2325 cupam-e,
393 2268 441 2312 id
462 2275 531 2313 est
561 2267 808 2327 respicere,
845 2267 990 2321 debet,
1027 2273 1073 2312 et
1095 2266 1160 2311 sic
1183 2264 1239 2312 de
1258 2265 1454 2311 sinistra‘

143 2346 285 2376 manu
298 2339 431 2377 trans
438 2348 546 2378 suas
559 2333 772 2392 scapulas
775 2333 966 2388 jactare
977 2343 1115 2390 super
1125 2331 1453 2390 proximiorem

138 2404 399 2453 parentem.
474 2394 607 2445 Quod
641 2398 685 2443 si
714 2399 815 2454 jam
855 2404 1015 2455 pater,
1053 2403 1136 2441 αιιί
1171 2403 1337 2450 mezler,
1372 2411 1453 2440 seu

129 2459 300 2516 frater
335 2475 423 2522 pro
470 2463 563 2522 ipso
611 2462 859 2515 solverunt,
914 2474 1053 2520 super
1094 2476 1295 2507 sororem
1343 2467 1455 2506 tunc

145 2527 329 2581 matris,
386 2535 469 2573 aut
502 2537 640 2586 super
677 2529 773 2584 ejus
784 2526 915 2585 filios
947 2526 1075 2573 debet
1112 2525 1238 2572 illam
1276 2533 1452 2572 terram
