<?xml version="1.0" encoding="UTF-8"?>
<!DOCTYPE html PUBLIC "-//W3C//DTD XHTML 1.0 Transitional//EN"
    "http://www.w3.org/TR/xhtml1/DTD/xhtml1-transitional.dtd">
<html xmlns="http://www.w3.org/1999/xhtml" xml:lang="en" lang="en">
 <head>
  <title>
</title>
<meta http-equiv="Content-Type" content="text/html;charset=utf-8" />
  <meta name='ocr-system' content='tesseract 3.04.00' />
  <meta name='ocr-capabilities' content='ocr_page ocr_carea ocr_par ocr_line ocrx_word'/>
</head>
<body>
  <div class='ocr_page' id='page_1' title='image "./demoribusgermano00taciuoft_0230.png"; bbox 0 0 1668 3053; ppageno 0'>
   <div class='ocr_carea' id='block_1_1' title="bbox 203 185 1243 232">
    <p class='ocr_par' dir='ltr' id='par_1_1' title="bbox 203 185 1243 232">
     <span class='ocr_line' id='line_1_1' title="bbox 203 185 1243 232; baseline -0.004 0"><span class='ocrx_word' id='word_1_1' title='bbox 203 185 300 232; x_wconf 71' lang='lat'>214-</span> <span class='ocrx_word' id='word_1_2' title='bbox 491 192 657 230; x_wconf 78' lang='lat' dir='ltr'>No‘rAE</span> <span class='ocrx_word' id='word_1_3' title='bbox 695 192 768 229; x_wconf 91' lang='lat' dir='ltr'>ET</span> <span class='ocrx_word' id='word_1_4' title='bbox 803 189 1243 229; x_wconf 86' lang='lat' dir='ltr'>EMENDATIONES</span> 
     </span>
    </p>
   </div>
   <div class='ocr_carea' id='block_1_2' title="bbox 192 292 1550 1349">
    <p class='ocr_par' dir='ltr' id='par_1_2' title="bbox 192 292 1550 1349">
     <span class='ocr_line' id='line_1_2' title="bbox 201 292 1541 357; baseline -0.003 -12"><span class='ocrx_word' id='word_1_5' title='bbox 201 306 250 346; x_wconf 89' lang='lat' dir='ltr'>et</span> <span class='ocrx_word' id='word_1_6' title='bbox 293 295 667 344; x_wconf 83' lang='lat' dir='ltr'>Emendationes</span> <span class='ocrx_word' id='word_1_7' title='bbox 712 294 773 342; x_wconf 88' lang='lat' dir='ltr'>ad</span> <span class='ocrx_word' id='word_1_8' title='bbox 818 310 924 357; x_wconf 85' lang='lat' dir='ltr'>cap.</span> <span class='ocrx_word' id='word_1_9' title='bbox 967 292 1058 342; x_wconf 88' lang='lat' dir='ltr'>IX.</span> <span class='ocrx_word' id='word_1_10' title='bbox 1151 292 1344 340; x_wconf 82' lang='lat' dir='ltr'><strong>Frustra</strong></span> <span class='ocrx_word' id='word_1_11' title='bbox 1387 300 1541 341; x_wconf 83' lang='lat' dir='ltr'>tentat</span> 
     </span>
     <span class='ocr_line' id='line_1_3' title="bbox 201 360 1541 422; baseline -0.004 -12"><span class='ocrx_word' id='word_1_12' title='bbox 201 364 414 411; x_wconf 86' lang='lat' dir='ltr'>eruditus</span> <span class='ocrx_word' id='word_1_13' title='bbox 460 360 676 416; x_wconf 89' lang='lat' dir='ltr'>Grotius,</span> <span class='ocrx_word' id='word_1_14' title='bbox 747 361 960 422; x_wconf 71' lang='lat' dir='ltr'>quamvis</span> <span class='ocrx_word' id='word_1_15' title='bbox 1011 362 1140 406; x_wconf 81' lang='lat' dir='ltr'>inter</span> <span class='ocrx_word' id='word_1_16' title='bbox 1191 366 1398 422; x_wconf 78' lang='lat' dir='ltr'><em>sagatos,</em></span> <span class='ocrx_word' id='word_1_17' title='bbox 1465 360 1541 407; x_wconf 80' lang='lat' dir='ltr'>vel</span> 
     </span>
     <span class='ocr_line' id='line_1_4' title="bbox 203 424 1540 491; baseline -0.003 -16"><span class='ocrx_word' id='word_1_18' title='bbox 203 429 417 491; x_wconf 74' lang='lat' dir='ltr'>quamvis</span> <span class='ocrx_word' id='word_1_19' title='bbox 456 444 545 474; x_wconf 78' lang='lat' dir='ltr'>non</span> <span class='ocrx_word' id='word_1_20' title='bbox 582 428 710 473; x_wconf 77' lang='lat' dir='ltr'>inter</span> <span class='ocrx_word' id='word_1_21' title='bbox 750 434 944 490; x_wconf 74' lang='lat' dir='ltr'>togatos.</span> <span class='ocrx_word' id='word_1_22' title='bbox 1015 424 1124 472; x_wconf 87' lang='lat' dir='ltr'>Nec</span> <span class='ocrx_word' id='word_1_23' title='bbox 1171 425 1282 472; x_wconf 87' lang='lat' dir='ltr'>satis</span> <span class='ocrx_word' id='word_1_24' title='bbox 1321 426 1540 488; x_wconf 66' lang='lat' dir='ltr'>apposite</span> 
     </span>
     <span class='ocr_line' id='line_1_5' title="bbox 202 491 1546 556; baseline -0.002 -15"><span class='ocrx_word' id='word_1_25' title='bbox 202 495 376 542; x_wconf 86' lang='lat' dir='ltr'>Illustr.</span> <span class='ocrx_word' id='word_1_26' title='bbox 395 494 605 542; x_wconf 85' lang='lat' dir='ltr'>Huetius</span> <span class='ocrx_word' id='word_1_27' title='bbox 629 493 1044 556; x_wconf 79' lang='lat' dir='ltr'>interpretabatur,</span> <span class='ocrx_word' id='word_1_28' title='bbox 1083 491 1310 555; x_wconf 78' lang='lat' dir='ltr'><em>Agricola</em></span> <span class='ocrx_word' id='word_1_29' title='bbox 1327 491 1546 539; x_wconf 69' lang='lat' dir='ltr'>naturali</span> 
     </span>
     <span class='ocr_line' id='line_1_6' title="bbox 195 559 1543 622; baseline -0.004 -15"><span class='ocrx_word' id='word_1_30' title='bbox 195 559 478 622; x_wconf 67' lang='lat' dir='ltr'>prudentici,</span> <span class='ocrx_word' id='word_1_31' title='bbox 515 560 728 621; x_wconf 68' lang='lat' dir='ltr'>quamvis</span> <span class='ocrx_word' id='word_1_32' title='bbox 752 576 808 606; x_wconf 69' lang='lat' dir='ltr'>ex</span> <span class='ocrx_word' id='word_1_33' title='bbox 832 576 917 606; x_wconf 80' lang='lat' dir='ltr'>usu</span> <span class='ocrx_word' id='word_1_34' title='bbox 954 559 1099 605; x_wconf 81' lang='lat' dir='ltr'>etiam</span> <span class='ocrx_word' id='word_1_35' title='bbox 1137 564 1184 603; x_wconf 75' lang='lat' dir='ltr'>et</span> <span class='ocrx_word' id='word_1_36' title='bbox 1222 564 1345 613; x_wconf 82' lang='lat' dir='ltr'>arle,</span> <span class='ocrx_word' id='word_1_37' title='bbox 1381 563 1543 616; x_wconf 75' lang='lat' dir='ltr'>utpote</span> 
     </span>
     <span class='ocr_line' id='line_1_7' title="bbox 202 618 1544 689; baseline -0.004 -16"><span class='ocrx_word' id='word_1_38' title='bbox 202 627 346 673; x_wconf 80' lang='lat' dir='ltr'>etiam</span> <span class='ocrx_word' id='word_1_39' title='bbox 378 640 497 686; x_wconf 73' lang='lat' dir='ltr'>saepe</span> <span class='ocrx_word' id='word_1_40' title='bbox 528 626 701 689; x_wconf 79' lang='lat' dir='ltr'>diuque</span> <span class='ocrx_word' id='word_1_41' title='bbox 739 627 866 672; x_wconf 78' lang='lat' dir='ltr'>inter</span> <span class='ocrx_word' id='word_1_42' title='bbox 903 631 1084 688; x_wconf 71' lang='lat' dir='ltr'>togatos</span> <span class='ocrx_word' id='word_1_43' title='bbox 1120 632 1352 677; x_wconf 69' lang='lat' dir='ltr'>versatus,</span> <span class='ocrx_word' id='word_1_44' title='bbox 1386 618 1544 682; x_wconf 60' lang='lat' dir='ltr'>facil?</span> 
     </span>
     <span class='ocr_line' id='line_1_8' title="bbox 192 686 1540 755; baseline -0.003 -18"><span class='ocrx_word' id='word_1_45' title='bbox 192 693 417 753; x_wconf 52' lang='lat' dir='ltr'>justeque</span> <span class='ocrx_word' id='word_1_46' title='bbox 442 693 627 755; x_wconf 75' lang='lat' dir='ltr'>agebat.</span> <span class='ocrx_word' id='word_1_47' title='bbox 698 689 815 738; x_wconf 84' lang='lat' dir='ltr'>Not.</span> <span class='ocrx_word' id='word_1_48' title='bbox 847 699 895 739; x_wconf 88' lang='lat' dir='ltr'>et</span> <span class='ocrx_word' id='word_1_49' title='bbox 922 691 1125 737; x_wconf 86' lang='lat' dir='ltr'>Emend.</span> <span class='ocrx_word' id='word_1_50' title='bbox 1158 706 1270 751; x_wconf 67' lang='lat' dir='ltr'>paq.</span> <span class='ocrx_word' id='word_1_51' title='bbox 1295 691 1406 735; x_wconf 72' lang='lat'>211.</span> <span class='ocrx_word' id='word_1_52' title='bbox 1447 686 1540 735; x_wconf 84' lang='lat' dir='ltr'>Ed.</span> 
     </span>
     <span class='ocr_line' id='line_1_9' title="bbox 203 755 1546 821; baseline -0.004 -16"><span class='ocrx_word' id='word_1_53' title='bbox 203 755 447 820; x_wconf 76' lang='lat' dir='ltr'>Frequens</span> <span class='ocrx_word' id='word_1_54' title='bbox 478 767 593 821; x_wconf 82' lang='lat' dir='ltr'>toga.</span> <span class='ocrx_word' id='word_1_55' title='bbox 623 759 766 805; x_wconf 86' lang='lat' dir='ltr'>etiam</span> <span class='ocrx_word' id='word_1_56' title='bbox 805 758 856 803; x_wconf 89' lang='lat' dir='ltr'>in</span> <span class='ocrx_word' id='word_1_57' title='bbox 891 756 1166 821; x_wconf 77' lang='lat' dir='ltr'>provinciis,</span> <span class='ocrx_word' id='word_1_58' title='bbox 1224 764 1277 801; x_wconf 92' lang='lat' dir='ltr'>ut</span> <span class='ocrx_word' id='word_1_59' title='bbox 1313 763 1448 817; x_wconf 87' lang='lat' dir='ltr'>patet</span> <span class='ocrx_word' id='word_1_60' title='bbox 1483 770 1546 800; x_wconf 83' lang='lat' dir='ltr'>ex</span> 
     </span>
     <span class='ocr_line' id='line_1_10' title="bbox 204 819 1548 886; baseline -0.002 -17"><span class='ocrx_word' id='word_1_61' title='bbox 204 840 310 886; x_wconf 85' lang='lat' dir='ltr'>cap.</span> <span class='ocrx_word' id='word_1_62' title='bbox 331 828 408 871; x_wconf 70' lang='lat'>⁶21.</span> <span class='ocrx_word' id='word_1_63' title='bbox 428 832 474 871; x_wconf 87' lang='lat' dir='ltr'>et</span> <span class='ocrx_word' id='word_1_64' title='bbox 489 841 549 871; x_wconf 68' lang='lat' dir='ltr'>ex</span> <span class='ocrx_word' id='word_1_65' title='bbox 567 823 693 870; x_wconf 83' lang='lat' dir='ltr'>Hist.</span> <span class='ocrx_word' id='word_1_66' title='bbox 717 824 786 871; x_wconf 88' lang='lat' dir='ltr'>II.</span> <span class='ocrx_word' id='word_1_67' title='bbox 805 828 882 870; x_wconf 73' lang='lat'>20.</span> <span class='ocrx_word' id='word_1_68' title='bbox 937 823 1008 868; x_wconf 82' lang='lat' dir='ltr'>At</span> <span class='ocrx_word' id='word_1_69' title='bbox 1023 820 1225 869; x_wconf 85' lang='lat' dir='ltr'>Caecina</span> <span class='ocrx_word' id='word_1_70' title='bbox 1239 821 1367 868; x_wconf 88' lang='lat' dir='ltr'>velut</span> <span class='ocrx_word' id='word_1_71' title='bbox 1383 819 1548 867; x_wconf 65' lang='lat' dir='ltr'>relicta</span> 
     </span>
     <span class='ocr_line' id='line_1_11' title="bbox 204 887 1550 952; baseline -0.001 -17"><span class='ocrx_word' id='word_1_72' title='bbox 204 897 312 950; x_wconf 87' lang='lat' dir='ltr'>post</span> <span class='ocrx_word' id='word_1_73' title='bbox 347 890 500 952; x_wconf 84' lang='lat' dir='ltr'>Alpes</span> <span class='ocrx_word' id='word_1_74' title='bbox 537 890 719 936; x_wconf 69' lang='lat' dir='ltr'>saevitia</span> <span class='ocrx_word' id='word_1_75' title='bbox 755 907 811 937; x_wconf 88' lang='lat' dir='ltr'>ac</span> <span class='ocrx_word' id='word_1_76' title='bbox 842 888 1052 944; x_wconf 65' lang='lat' dir='ltr'>licentia,</span> <span class='ocrx_word' id='word_1_77' title='bbox 1097 887 1316 935; x_wconf 87' lang='lat' dir='ltr'>modesto</span> <span class='ocrx_word' id='word_1_78' title='bbox 1352 887 1550 949; x_wconf 77' lang='lat' dir='ltr'>agmine</span> 
     </span>
     <span class='ocr_line' id='line_1_12' title="bbox 202 951 1546 1017; baseline -0.001 -18"><span class='ocrx_word' id='word_1_79' title='bbox 202 971 288 1015; x_wconf 86' lang='lat' dir='ltr'>per</span> <span class='ocrx_word' id='word_1_80' title='bbox 312 955 500 1003; x_wconf 85' lang='lat' dir='ltr'>Italiam</span> <span class='ocrx_word' id='word_1_81' title='bbox 527 956 735 1002; x_wconf 78' lang='lat' dir='ltr'>incessit.</span> <span class='ocrx_word' id='word_1_82' title='bbox 807 953 1047 1002; x_wconf 89' lang='lat' dir='ltr'>Ornatum</span> <span class='ocrx_word' id='word_1_83' title='bbox 1076 954 1241 1017; x_wconf 86' lang='lat' dir='ltr'>ipsius,</span> <span class='ocrx_word' id='word_1_84' title='bbox 1277 951 1546 1014; x_wconf 89' lang='lat' dir='ltr'>municipia</span> 
     </span>
     <span class='ocr_line' id='line_1_13' title="bbox 203 1018 1544 1085; baseline -0.001 -19"><span class='ocrx_word' id='word_1_85' title='bbox 203 1029 251 1066; x_wconf 86' lang='lat' dir='ltr'>et</span> <span class='ocrx_word' id='word_1_86' title='bbox 290 1020 498 1068; x_wconf 81' lang='lat' dir='ltr'>coloniae</span> <span class='ocrx_word' id='word_1_87' title='bbox 539 1022 585 1067; x_wconf 88' lang='lat' dir='ltr'>in</span> <span class='ocrx_word' id='word_1_88' title='bbox 628 1021 901 1085; x_wconf 84' lang='lat' dir='ltr'>superbiam</span> <span class='ocrx_word' id='word_1_89' title='bbox 938 1022 1214 1068; x_wconf 80' lang='lat' dir='ltr'>trahebant:</span> <span class='ocrx_word' id='word_1_90' title='bbox 1253 1020 1381 1083; x_wconf 80' lang='lat' dir='ltr'>quod</span> <span class='ocrx_word' id='word_1_91' title='bbox 1402 1018 1544 1065; x_wconf 83' lang='lat' dir='ltr'>versi-</span> 
     </span>
     <span class='ocr_line' id='line_1_14' title="bbox 203 1085 1544 1151; baseline -0.001 -19"><span class='ocrx_word' id='word_1_92' title='bbox 203 1086 361 1133; x_wconf 85' lang='lat' dir='ltr'>colere</span> <span class='ocrx_word' id='word_1_93' title='bbox 378 1089 561 1151; x_wconf 87' lang='lat' dir='ltr'>sagulo,</span> <span class='ocrx_word' id='word_1_94' title='bbox 581 1088 798 1143; x_wconf 79' lang='lat' dir='ltr'>braccas,</span> <span class='ocrx_word' id='word_1_95' title='bbox 822 1095 1018 1149; x_wconf 83' lang='lat' dir='ltr'>tegmen</span> <span class='ocrx_word' id='word_1_96' title='bbox 1033 1088 1306 1142; x_wconf 90' lang='lat' dir='ltr'>barbarum,</span> <span class='ocrx_word' id='word_1_97' title='bbox 1332 1085 1544 1139; x_wconf 88' lang='lat' dir='ltr'>indutus,</span> 
     </span>
     <span class='ocr_line' id='line_1_15' title="bbox 203 1151 1542 1216; baseline -0.001 -19"><span class='ocrx_word' id='word_1_98' title='bbox 203 1160 394 1215; x_wconf 84' lang='lat' dir='ltr'>togatos</span> <span class='ocrx_word' id='word_1_99' title='bbox 445 1155 793 1216; x_wconf 81' lang='lat' dir='ltr'>adloqueretur.</span> <span class='ocrx_word' id='word_1_100' title='bbox 865 1152 994 1200; x_wconf 88' lang='lat' dir='ltr'>Hist.</span> <span class='ocrx_word' id='word_1_101' title='bbox 1045 1153 1113 1199; x_wconf 94' lang='lat' dir='ltr'>II.</span> <span class='ocrx_word' id='word_1_102' title='bbox 1159 1170 1272 1216; x_wconf 83' lang='lat' dir='ltr'>pag.</span> <span class='ocrx_word' id='word_1_103' title='bbox 1313 1155 1390 1203; x_wconf 79' lang='lat'>93.</span> <span class='ocrx_word' id='word_1_104' title='bbox 1448 1151 1542 1197; x_wconf 84' lang='lat' dir='ltr'>Ed.</span> 
     </span>
     <span class='ocr_line' id='line_1_16' title="bbox 203 1216 1545 1283; baseline 0.001 -20"><span class='ocrx_word' id='word_1_105' title='bbox 203 1216 449 1265; x_wconf 86' lang='lat' dir='ltr'>Causidici</span> <span class='ocrx_word' id='word_1_106' title='bbox 467 1228 627 1267; x_wconf 85' lang='lat' dir='ltr'>autem</span> <span class='ocrx_word' id='word_1_107' title='bbox 644 1228 691 1266; x_wconf 87' lang='lat' dir='ltr'>et</span> <span class='ocrx_word' id='word_1_108' title='bbox 709 1219 899 1283; x_wconf 88' lang='lat' dir='ltr'>patroni</span> <span class='ocrx_word' id='word_1_109' title='bbox 918 1220 1143 1267; x_wconf 87' lang='lat' dir='ltr'>dicuntur</span> <span class='ocrx_word' id='word_1_110' title='bbox 1164 1219 1317 1282; x_wconf 86' lang='lat' dir='ltr'>togati</span> <span class='ocrx_word' id='word_1_111' title='bbox 1341 1219 1462 1267; x_wconf 74' lang='lat' dir='ltr'>infra</span> <span class='ocrx_word' id='word_1_112' title='bbox 1485 1219 1545 1265; x_wconf 86' lang='lat' dir='ltr'>de</span> 
     </span>
     <span class='ocr_line' id='line_1_17' title="bbox 203 1281 686 1349; baseline 0.006 -20"><span class='ocrx_word' id='word_1_113' title='bbox 203 1281 488 1333; x_wconf 84' lang='lat' dir='ltr'>Oratoribus</span> <span class='ocrx_word' id='word_1_114' title='bbox 513 1301 620 1349; x_wconf 90' lang='lat' dir='ltr'>cap.</span> <span class='ocrx_word' id='word_1_115' title='bbox 642 1284 686 1332; x_wconf 84' lang='grc'>6.</span> 
     </span>
    </p>
   </div>
   <div class='ocr_carea' id='block_1_3' title="bbox 194 1467 1547 1728">
    <p class='ocr_par' dir='ltr' id='par_1_3' title="bbox 194 1467 1547 1728">
     <span class='ocr_line' id='line_1_18' title="bbox 194 1467 1545 1529; baseline -0.001 -15"><span class='ocrx_word' id='word_1_116' title='bbox 194 1468 278 1529; x_wconf 86' lang='lat' dir='ltr'>jus</span> <span class='ocrx_word' id='word_1_117' title='bbox 294 1468 558 1515; x_wconf 77' lang='lat' dir='ltr'>dicebatur,</span> <span class='ocrx_word' id='word_1_118' title='bbox 629 1469 723 1525; x_wconf 88' lang='lat' dir='ltr'>Sic,</span> <span class='ocrx_word' id='word_1_119' title='bbox 743 1478 865 1517; x_wconf 87' lang='lat' dir='ltr'>teste</span> <span class='ocrx_word' id='word_1_120' title='bbox 882 1469 1057 1524; x_wconf 87' lang='lat' dir='ltr'>Plinio,</span> <span class='ocrx_word' id='word_1_121' title='bbox 1095 1470 1195 1516; x_wconf 88' lang='lat' dir='ltr'>III.</span> <span class='ocrx_word' id='word_1_122' title='bbox 1221 1473 1260 1516; x_wconf 93' lang='lat'>1.</span> <span class='ocrx_word' id='word_1_123' title='bbox 1290 1469 1339 1515; x_wconf 90' lang='lat' dir='ltr'>in</span> <span class='ocrx_word' id='word_1_124' title='bbox 1358 1467 1545 1515; x_wconf 66' lang='lat' dir='ltr'>Baetica</span> 
     </span>
     <span class='ocr_line' id='line_1_19' title="bbox 203 1533 1547 1597; baseline 0 -17"><span class='ocrx_word' id='word_1_125' title='bbox 203 1536 822 1591; x_wconf 68' lang='lat' dir='ltr'>ei&#39;antjurz&#39;clz&#39;ciconventus</span> <span class='ocrx_word' id='word_1_126' title='bbox 836 1544 1059 1597; x_wconf 79' lang='lat' dir='ltr'>quatuor,</span> <span class='ocrx_word' id='word_1_127' title='bbox 1097 1535 1386 1590; x_wconf 78' lang='lat' dir='ltr'>Gaditanus,</span> <span class='ocrx_word' id='word_1_128' title='bbox 1430 1533 1547 1581; x_wconf 88' lang='lat' dir='ltr'>Cor-</span> 
     </span>
     <span class='ocr_line' id='line_1_20' title="bbox 206 1600 1547 1665; baseline 0.001 -21"><span class='ocrx_word' id='word_1_129' title='bbox 206 1600 438 1656; x_wconf 77' lang='lat' dir='ltr'>dubensis,</span> <span class='ocrx_word' id='word_1_130' title='bbox 475 1603 798 1665; x_wconf 57' lang='lat' dir='ltr'>Astz&#39;gv&#39;tanus,</span> <span class='ocrx_word' id='word_1_131' title='bbox 836 1602 1159 1663; x_wconf 75' lang='lat' dir='ltr'>Hispalensis,</span> <span class='ocrx_word' id='word_1_132' title='bbox 1208 1617 1339 1649; x_wconf 89' lang='lat' dir='ltr'>nunc</span> <span class='ocrx_word' id='word_1_133' title='bbox 1375 1600 1547 1655; x_wconf 75' lang='lat' dir='ltr'>Cadiz,</span> 
     </span>
     <span class='ocr_line' id='line_1_21' title="bbox 211 1665 898 1728; baseline 0.004 -16"><span class='ocrx_word' id='word_1_134' title='bbox 211 1665 441 1723; x_wconf 72' lang='lat' dir='ltr'>Cordoue,</span> <span class='ocrx_word' id='word_1_135' title='bbox 479 1668 621 1728; x_wconf 63' lang='lat' dir='ltr'>Ecz&#39;ja</span> <span class='ocrx_word' id='word_1_136' title='bbox 646 1677 692 1716; x_wconf 83' lang='lat' dir='ltr'>et</span> <span class='ocrx_word' id='word_1_137' title='bbox 716 1668 898 1716; x_wconf 74' lang='lat' dir='ltr'>Sc‘2v2‘lle.</span> 
     </span>
    </p>
   </div>
   <div class='ocr_carea' id='block_1_4' title="bbox 197 1795 1551 2517">
    <p class='ocr_par' dir='ltr' id='par_1_4' title="bbox 197 1795 1551 2517">
     <span class='ocr_line' id='line_1_22' title="bbox 272 1795 1549 1862; baseline 0.004 -21"><span class='ocrx_word' id='word_1_138' title='bbox 272 1795 308 1820; x_wconf 80' lang='lat'>⁵⁶</span> <span class='ocrx_word' id='word_1_139' title='bbox 351 1795 645 1853; x_wconf 78' lang='lat' dir='ltr'>Trz&#39;stz&#39;e‘iam,</span> <span class='ocrx_word' id='word_1_140' title='bbox 682 1804 729 1844; x_wconf 82' lang='lat' dir='ltr'>et</span> <span class='ocrx_word' id='word_1_141' title='bbox 746 1798 1113 1862; x_wconf 72' lang='lat' dir='ltr'>arrogantiam]</span> <span class='ocrx_word' id='word_1_142' title='bbox 1152 1797 1386 1855; x_wconf 83' lang='lat' dir='ltr'>Tristitia,</span> <span class='ocrx_word' id='word_1_143' title='bbox 1422 1816 1549 1846; x_wconf 87' lang='lat' dir='ltr'>arro·</span> 
     </span>
     <span class='ocr_line' id='line_1_23' title="bbox 207 1861 1550 1928; baseline 0.004 -21"><span class='ocrx_word' id='word_1_144' title='bbox 207 1861 390 1922; x_wconf 83' lang='lat' dir='ltr'>gantia,</span> <span class='ocrx_word' id='word_1_145' title='bbox 460 1863 672 1918; x_wconf 86' lang='lat' dir='ltr'>avaritia,</span> <span class='ocrx_word' id='word_1_146' title='bbox 743 1865 1035 1926; x_wconf 81' lang='lat' dir='ltr'>quaudoque</span> <span class='ocrx_word' id='word_1_147' title='bbox 1089 1864 1205 1912; x_wconf 85' lang='lat' dir='ltr'>vitia</span> <span class='ocrx_word' id='word_1_148' title='bbox 1261 1865 1550 1928; x_wconf 88' lang='lat' dir='ltr'>praesidibus</span> 
     </span>
     <span class='ocr_line' id='line_1_24' title="bbox 197 1927 1546 1990; baseline 0.004 -18"><span class='ocrx_word' id='word_1_149' title='bbox 197 1927 546 1990; x_wconf 87' lang='lat' dir='ltr'>judicibusque</span> <span class='ocrx_word' id='word_1_150' title='bbox 569 1930 720 1976; x_wconf 89' lang='lat' dir='ltr'>solita.</span> <span class='ocrx_word' id='word_1_151' title='bbox 790 1928 1055 1977; x_wconf 87' lang='lat' dir='ltr'>Tristitiam</span> <span class='ocrx_word' id='word_1_152' title='bbox 1099 1929 1235 1977; x_wconf 85' lang='lat' dir='ltr'>affert</span> <span class='ocrx_word' id='word_1_153' title='bbox 1272 1932 1546 1978; x_wconf 86' lang='lat' dir='ltr'>morositas:</span> 
     </span>
     <span class='ocr_line' id='line_1_25' title="bbox 207 1994 1548 2058; baseline 0.004 -20"><span class='ocrx_word' id='word_1_154' title='bbox 207 1994 529 2056; x_wconf 84' lang='lat' dir='ltr'>arrogantiam</span> <span class='ocrx_word' id='word_1_155' title='bbox 573 2003 807 2056; x_wconf 86' lang='lat' dir='ltr'>potestas:</span> <span class='ocrx_word' id='word_1_156' title='bbox 869 1997 1114 2044; x_wconf 81' lang='lat' dir='ltr'>avaritiam</span> <span class='ocrx_word' id='word_1_157' title='bbox 1163 1997 1418 2058; x_wconf 81' lang='lat' dir='ltr'>cupiditas,</span> <span class='ocrx_word' id='word_1_158' title='bbox 1474 1998 1548 2044; x_wconf 87' lang='lat' dir='ltr'>vel</span> 
     </span>
     <span class='ocr_line' id='line_1_26' title="bbox 207 2057 1550 2123; baseline 0.005 -21"><span class='ocrx_word' id='word_1_159' title='bbox 207 2057 310 2119; x_wconf 84' lang='lat' dir='ltr'>ipsa</span> <span class='ocrx_word' id='word_1_160' title='bbox 354 2062 769 2123; x_wconf 87' lang='lat' dir='ltr'>corrumpentium</span> <span class='ocrx_word' id='word_1_161' title='bbox 816 2078 902 2108; x_wconf 87' lang='lat' dir='ltr'>ars.</span> <span class='ocrx_word' id='word_1_162' title='bbox 991 2061 1121 2111; x_wconf 79' lang='lat' dir='ltr'>Quae</span> <span class='ocrx_word' id='word_1_163' title='bbox 1171 2063 1392 2110; x_wconf 75' lang='lat' dir='ltr'>adversus</span> <span class='ocrx_word' id='word_1_164' title='bbox 1435 2063 1550 2110; x_wconf 78' lang='lat' dir='ltr'>vitia</span> 
     </span>
     <span class='ocr_line' id='line_1_27' title="bbox 207 2126 1549 2189; baseline 0.004 -18"><span class='ocrx_word' id='word_1_165' title='bbox 207 2126 555 2187; x_wconf 76' lang='lat' dir='ltr'>sapientissime</span> <span class='ocrx_word' id='word_1_166' title='bbox 587 2136 784 2174; x_wconf 87' lang='lat' dir='ltr'>cautum</span> <span class='ocrx_word' id='word_1_167' title='bbox 815 2128 1002 2189; x_wconf 86' lang='lat' dir='ltr'>legibus</span> <span class='ocrx_word' id='word_1_168' title='bbox 1031 2126 1277 2185; x_wconf 82' lang='lat' dir='ltr'>Romanis,</span> <span class='ocrx_word' id='word_1_169' title='bbox 1313 2138 1367 2175; x_wconf 86' lang='lat' dir='ltr'>ut</span> <span class='ocrx_word' id='word_1_170' title='bbox 1388 2129 1549 2176; x_wconf 82' lang='lat' dir='ltr'>videre</span> 
     </span>
     <span class='ocr_line' id='line_1_28' title="bbox 206 2191 1547 2255; baseline 0.006 -20"><span class='ocrx_word' id='word_1_171' title='bbox 206 2199 278 2236; x_wconf 86' lang='lat' dir='ltr'>est</span> <span class='ocrx_word' id='word_1_172' title='bbox 319 2192 368 2238; x_wconf 86' lang='lat' dir='ltr'>in</span> <span class='ocrx_word' id='word_1_173' title='bbox 410 2191 598 2255; x_wconf 83' lang='lat' dir='ltr'>Digest.</span> <span class='ocrx_word' id='word_1_174' title='bbox 639 2192 769 2240; x_wconf 89' lang='lat' dir='ltr'>Libr.</span> <span class='ocrx_word' id='word_1_175' title='bbox 799 2194 838 2239; x_wconf 91' lang='lat' dir='ltr'>I.</span> <span class='ocrx_word' id='word_1_176' title='bbox 876 2192 973 2240; x_wconf 91' lang='lat' dir='ltr'>Tit.</span> <span class='ocrx_word' id='word_1_177' title='bbox 1006 2193 1080 2241; x_wconf 87' lang='lat'>16.</span> <span class='ocrx_word' id='word_1_178' title='bbox 1136 2194 1196 2241; x_wconf 90' lang='lat' dir='ltr'>de</span> <span class='ocrx_word' id='word_1_179' title='bbox 1236 2195 1398 2243; x_wconf 86' lang='lat' dir='ltr'>officio</span> <span class='ocrx_word' id='word_1_180' title='bbox 1431 2194 1547 2242; x_wconf 89' lang='lat' dir='ltr'>Pro-</span> 
     </span>
     <span class='ocr_line' id='line_1_29' title="bbox 207 2258 1551 2321; baseline 0.004 -20"><span class='ocrx_word' id='word_1_181' title='bbox 207 2258 415 2304; x_wconf 87' lang='lat' dir='ltr'>consulis</span> <span class='ocrx_word' id='word_1_182' title='bbox 438 2267 485 2304; x_wconf 88' lang='lat' dir='ltr'>et</span> <span class='ocrx_word' id='word_1_183' title='bbox 508 2259 668 2321; x_wconf 85' lang='lat' dir='ltr'>legati.</span> <span class='ocrx_word' id='word_1_184' title='bbox 738 2258 1023 2321; x_wconf 87' lang='lat' dir='ltr'>Agricolam</span> <span class='ocrx_word' id='word_1_185' title='bbox 1038 2263 1147 2307; x_wconf 73' lang='lat' dir='ltr'>vero</span> <span class='ocrx_word' id='word_1_186' title='bbox 1161 2261 1228 2307; x_wconf 89' lang='lat' dir='ltr'>ita</span> <span class='ocrx_word' id='word_1_187' title='bbox 1243 2261 1551 2309; x_wconf 89' lang='lat' dir='ltr'>commendat</span> 
     </span>
     <span class='ocr_line' id='line_1_30' title="bbox 204 2320 1549 2388; baseline 0.004 -21"><span class='ocrx_word' id='word_1_188' title='bbox 204 2320 421 2378; x_wconf 88' lang='lat' dir='ltr'>Tacitus,</span> <span class='ocrx_word' id='word_1_189' title='bbox 458 2333 511 2371; x_wconf 91' lang='lat' dir='ltr'>ut</span> <span class='ocrx_word' id='word_1_190' title='bbox 529 2341 591 2371; x_wconf 90' lang='lat' dir='ltr'>ne</span> <span class='ocrx_word' id='word_1_191' title='bbox 610 2325 714 2387; x_wconf 90' lang='lat' dir='ltr'>ipsa</span> <span class='ocrx_word' id='word_1_192' title='bbox 729 2325 923 2388; x_wconf 88' lang='lat' dir='ltr'>quidem</span> <span class='ocrx_word' id='word_1_193' title='bbox 939 2327 1145 2388; x_wconf 86' lang='lat' dir='ltr'>justitiae</span> <span class='ocrx_word' id='word_1_194' title='bbox 1163 2329 1364 2388; x_wconf 84' lang='lat' dir='ltr'>species,</span> <span class='ocrx_word' id='word_1_195' title='bbox 1403 2343 1549 2388; x_wconf 83' lang='lat' dir='ltr'>quam</span> 
     </span>
     <span class='ocr_line' id='line_1_31' title="bbox 206 2389 1546 2450; baseline 0.004 -17"><span class='ocrx_word' id='word_1_196' title='bbox 206 2405 235 2433; x_wconf 85' lang='lat' dir='ltr'>a.</span> <span class='ocrx_word' id='word_1_197' title='bbox 256 2389 523 2449; x_wconf 86' lang='lat' dir='ltr'>pictoribus</span> <span class='ocrx_word' id='word_1_198' title='bbox 546 2391 880 2439; x_wconf 87' lang='lat' dir='ltr'>adumbratam</span> <span class='ocrx_word' id='word_1_199' title='bbox 904 2392 1066 2440; x_wconf 87' lang='lat' dir='ltr'>laudat</span> <span class='ocrx_word' id='word_1_200' title='bbox 1091 2391 1293 2450; x_wconf 88' lang='lat' dir='ltr'>Gellius,</span> <span class='ocrx_word' id='word_1_201' title='bbox 1330 2391 1468 2440; x_wconf 87' lang='lat' dir='ltr'><strong>XIV.</strong></span> <span class='ocrx_word' id='word_1_202' title='bbox 1499 2393 1546 2440; x_wconf 80' lang='lat'>4.</span> 
     </span>
     <span class='ocr_line' id='line_1_32' title="bbox 203 2454 545 2517; baseline 0.009 -16"><span class='ocrx_word' id='word_1_203' title='bbox 203 2454 264 2501; x_wconf 81' lang='lat' dir='ltr'>sit</span> <span class='ocrx_word' id='word_1_204' title='bbox 285 2456 545 2517; x_wconf 87' lang='lat' dir='ltr'>pulchrior.</span> 
     </span>
    </p>
   </div>
   <div class='ocr_carea' id='block_1_5' title="bbox 210 2590 1552 2726">
    <p class='ocr_par' dir='ltr' id='par_1_5' title="bbox 210 2590 1552 2726">
     <span class='ocr_line' id='line_1_33' title="bbox 274 2590 1552 2658; baseline 0.003 -20"><span class='ocrx_word' id='word_1_205' title='bbox 274 2590 308 2617; x_wconf 84' lang='lat'>⁵⁷</span> <span class='ocrx_word' id='word_1_206' title='bbox 345 2591 585 2641; x_wconf 76' lang='lat' dir='ltr'>Facilitas</span> <span class='ocrx_word' id='word_1_207' title='bbox 603 2590 982 2658; x_wconf 73' lang='lat' dir='ltr'>auctoritatem]</span> <span class='ocrx_word' id='word_1_208' title='bbox 1016 2594 1073 2641; x_wconf 91' lang='lat' dir='ltr'>Id</span> <span class='ocrx_word' id='word_1_209' title='bbox 1089 2595 1299 2643; x_wconf 73' lang='lat' dir='ltr'>maxime</span> <span class='ocrx_word' id='word_1_210' title='bbox 1316 2596 1552 2643; x_wconf 86' lang='lat' dir='ltr'>cavebant</span> 
     </span>
     <span class='ocr_line' id='line_1_34' title="bbox 210 2655 1547 2726; baseline 0.006 -25"><span class='ocrx_word' id='word_1_211' title='bbox 210 2655 341 2723; x_wconf 82' lang='lat' dir='ltr'>leges</span> <span class='ocrx_word' id='word_1_212' title='bbox 358 2655 613 2718; x_wconf 77' lang='lat' dir='ltr'>Romanae,</span> <span class='ocrx_word' id='word_1_213' title='bbox 650 2669 704 2708; x_wconf 89' lang='lat' dir='ltr'>ut</span> <span class='ocrx_word' id='word_1_214' title='bbox 721 2670 858 2725; x_wconf 88' lang='lat' dir='ltr'>patet</span> <span class='ocrx_word' id='word_1_215' title='bbox 881 2678 942 2709; x_wconf 81' lang='lat' dir='ltr'>ex</span> <span class='ocrx_word' id='word_1_216' title='bbox 960 2661 1130 2726; x_wconf 87' lang='lat' dir='ltr'>digest.</span> <span class='ocrx_word' id='word_1_217' title='bbox 1163 2661 1270 2710; x_wconf 88' lang='lat' dir='ltr'>Lib.</span> <span class='ocrx_word' id='word_1_218' title='bbox 1290 2662 1329 2710; x_wconf 93' lang='lat' dir='ltr'>I.</span> <span class='ocrx_word' id='word_1_219' title='bbox 1354 2660 1451 2710; x_wconf 84' lang='lat' dir='ltr'>Tit.</span> <span class='ocrx_word' id='word_1_220' title='bbox 1476 2665 1547 2709; x_wconf 91' lang='lat'>18.</span> 
     </span>
    </p>
   </div>
  </div>
 </body>
</html>
