1668 3053
149 167 244 212 958
442 170 612 212 NoTAE
647 171 720 210 ET
755 170 1193 209 EMENDATIONES

149 281 322 326 Caium
347 285 523 334 autem,
560 276 753 323 tertium
785 276 1048 330 consulem,
1085 274 1228 322 fuisse
1251 274 1403 321 solum
1428 287 1487 321 ac

152 349 252 393 sine
302 344 487 406 colleg-21
532 350 765 389 testantur
806 340 933 387 Fasti
971 339 1387 396 vindobonenses,
1436 351 1485 387 C.

155 420 374 458 CAESARE
402 421 463 456 111
491 418 639 456 SOLO.
711 405 812 452 Cur
829 407 953 453 solus
972 407 1165 453 tertium
1186 407 1488 453 consulatum

151 477 326 531 inierit,
385 476 492 523 vide
537 476 587 521 in
628 472 975 534 Supplemento
1015 473 1194 519 Annal.
1223 471 1369 518 VIII.
1410 475 1489 522 29.

155 543 277 590 Fieri
303 551 462 588 autem
486 549 661 604 potest,
717 547 769 584 ut
805 538 1039 601 Agricola
1072 548 1279 586 mortem
1318 537 1493 585 obierit

152 618 288 658 sexto
325 616 373 653 et
412 605 811 671 quinquagesimo
858 621 998 650 anno.
1068 602 1211 650 Tunc
1258 603 1494 666 Agricola

151 693 249 722 non
285 673 373 720 erit
409 682 565 728 natus,
616 670 736 717 Caio
773 669 983 724 Caesare,
1032 669 1229 716 tertium
1267 669 1487 716 consule:

155 741 237 789 sed
273 740 470 786 biennio
508 748 636 792 ante,
688 753 799 782 cum
837 734 1000 790 Caius,
1050 744 1241 782 mortuo
1277 734 1493 790 Tiberio,

153 809 307 854 factus
330 814 401 852 est
425 805 590 853 consul
613 804 839 865 primum.
911 800 1056 847 Caius
1086 802 1280 847 tertium
1307 801 1492 855 consul,

153 874 280 919 solus
298 872 631 933 magistratum
650 867 877 930 Lugduni
902 867 1031 923 iniit;
1070 883 1183 922 non,
1220 876 1274 913 ut
1296 868 1492 930 quidam

155 940 364 993 voluere,
417 936 543 983 soliti
579 936 708 982 facta
742 934 1019 995 principum
1054 934 1103 978 in
1126 949 1327 994 pravum
1351 934 1495 979 inter-

155 1005 350 1068 pretari,
408 1002 632 1064 superbia
676 1000 1045 1062 negligentiave,
1113 999 1196 1045 sed
1241 999 1370 1061 quod
1414 1000 1494 1049 de-

156 1072 375 1118 functum
415 1070 502 1114 sub
540 1067 860 1113 Calendarum
893 1065 1020 1111 diem
1053 1063 1304 1128 Collegam
1327 1066 1497 1112 absens

159 1154 256 1184 non
280 1135 511 1183 rescisset.
551 1132 665 1196 Sup.
692 1133 825 1178 Ann.
841 1129 990 1178 VIII.
1018 1135 1094 1182 29.
1120 1148 1230 1194 pag.
1251 1134 1362 1181 319.
1400 1131 1496 1178 Ed.

225 1272 279 1298 ⁹⁹³
316 1270 541 1330 Speciosae
587 1266 934 1331 contigerant]
1006 1265 1242 1314 Honestae
1289 1282 1346 1313 ac
1388 1267 1501 1314 satis

159 1338 353 1399 amplae.
425 1336 565 1382 Errat
599 1351 713 1397 ergo
750 1333 866 1388 Dio,
909 1331 1091 1379 LXVI.
1126 1349 1236 1395 pag.
1265 1334 1375 1385 754.
1415 1333 1498 1396 qui

158 1403 443 1466 Agricolam
479 1402 528 1447 in
568 1400 835 1461 ignominia
866 1407 914 1445 et
943 1407 1226 1461 paupertate
1262 1399 1500 1461 reliquum

158 1471 274 1516 vitae
320 1478 528 1529 tempus,
586 1466 813 1528 Principe
857 1464 1159 1520 Domitiano,
1217 1464 1503 1526 transegisse

161 1535 363 1597 Scripsit.
416 1537 464 1581 ‘O
493 1538 531 1582 δὲ
561 1534 799 1599 Ἀγρικόλας
817 1536 849 1580 ἕν
865 1555 905 1579 τε
930 1532 1133 1593 αἶτιμῖᾳτό
1147 1533 1279 1578 λοιπέν
1294 1534 1342 1578 n}
1356 1532 1417 1579 Cla
1433 1531 1503 1578 xcxi

164 1605 174 1619 9
212 1607 220 1619 5
252 1607 266 1621 n
390 1604 407 1620 Ἰ

162 1625 191 1650 fi‘u
209 1603 514 1666 ξνῧὲίᾳ-ξζῆσὶι

233 1736 288 1765 ²⁹4
323 1734 584 1780 Deci-arcia
605 1729 904 1793 leae—luce]
940 1727 1188 1777 Melihszbz
1205 1729 1326 1776 hanc
1341 1730 1503 1776 lucem.

163 1799 334 1846 Sensus
367 1810 524 1846 autem
559 1807 652 1845 est:
708 1814 819 1843 nam
853 1797 976 1842 sicut
1014 1797 1063 1842 in
1101 1796 1156 1843 iis
1193 1795 1503 1857 iniquissimis

166 1865 435 1913 Domitiani
481 1864 778 1926 temporibus
822 1862 1002 1924 grande
1049 1862 1273 1907 solatium
1322 1860 1506 1906 ferebat

167 1933 335 1978 durare
360 1932 409 1977 in
432 1934 558 1979 hanc
582 1928 843 1976 beatissimi
869 1928 1035 1974 saeculi
1058 1927 1237 1982 lucem,
1275 1941 1332 1972 ac
1369 1925 1505 1972 Prin-

169 2000 328 2060 cipem
352 1997 616 2060 Trajanum
639 1996 816 2050 videre,
868 1993 1001 2055 quod
1045 1993 1247 2054 augurio
1290 1992 1510 2054 votisque

170 2065 299 2126 apud
323 2074 505 2111 nostras
530 2080 665 2109 aures
688 2061 1016 2115 ominabatur3
1054 2059 1122 2105 ita
1155 2074 1349 2121 quoque
1378 2057 1508 2104 festi-

169 2140 298 2176 natae
324 2130 489 2177 mortis
514 2129 694 2191 grande
718 2127 940 2173 solatium
962 2125 1070 2171 tulit
1095 2125 1294 2171 evasisse
1327 2132 1509 2186 postre-

168 2213 302 2242 mum
341 2195 459 2242 illud
494 2205 702 2257 tempus,
756 2209 853 2255 quo
887 2190 1214 2246 Domitianus,
1268 2206 1367 2236 non
1402 2190 1509 2252 jam

169 2279 256 2325 per
280 2261 525 2309 intervalla
549 2276 604 2307 ac
629 2260 919 2322 spiramenta
942 2266 1234 2318 temporum,
1284 2257 1365 2302 sed
1396 2271 1510 2302 con-

168 2329 323 2384 tinuo,
361 2336 409 2375 et
431 2328 560 2375 velut
584 2343 680 2374 uno
706 2327 820 2381 icto,
858 2324 1207 2387 rempublicam
1238 2322 1477 2368 exhausit.

237 2459 292 2485 ²⁹⁵
327 2460 369 2505 A
376 2459 544 2521 ugurio
561 2455 809 2519 solisque]
840 2455 1064 2517 Augurio
1079 2453 1296 2516 votisque
1311 2454 1515 2515 dignum

171 2541 221 2572 se
280 2525 544 2588 praestabat
600 2522 853 2589 Traianus,
920 2521 1003 2583 qui
1055 2529 1242 2582 patrem
1304 2520 1515 2566 habebat

170 2592 446 2653 patricium,
486 2585 802 2642 consularem,
840 2603 896 2633 ac
921 2586 1279 2648 triumphalem,
1330 2594 1379 2632 et
1410 2585 1512 2647 ipse

170 2657 361 2704 militari
392 2656 532 2704 laude
568 2654 879 2708 clarescebat,
919 2653 1184 2699 innutrz‘lus
1209 2651 1385 2700 bellicis
1408 2651 1510 2697 lau-
