1668 3053
239 186 299 232 (54
616 198 661 233 C.
691 199 947 236 CORNELII
977 200 1166 236 TACITI

234 299 406 345 bantur
441 299 587 346 acies:
629 301 739 345 cum
776 302 1023 363 Agricola,
1061 316 1353 362 quamquam
1390 299 1557 346 laetum

233 387 281 427 et
295 380 375 427 vix
389 380 695 427 munimentis
711 383 972 428 coercitum
987 382 1185 426 militem
1199 380 1559 428 accendendum

235 462 392 508 adhuc
429 469 572 516 ratus,
610 462 675 508 ita
711 463 948 509 disseruit:
1003 470 1034 489 ⁶⁶
1061 460 1273 508 Octavus
1296 477 1447 507 annus
1470 469 1558 515 est,

237 549 270 569 ⁶⁶
297 542 661 596 commilitones,
698 558 757 588 ex
775 560 869 605 quo
887 544 1057 590 virtute
1074 550 1121 589 ot
1137 542 1358 604 auspiciis
1376 541 1561 603 imperii

237 631 269 650 ⁶⁶
294 621 514 677 Romani,
574 622 667 669 fide
713 631 856 686 atque
900 626 1046 685 oper-21
1077 624 1229 670 vestra
1266 621 1561 668 Britanniam

239 713 273 732 ⁶⁶
298 705 497 751 vicistis:
551 714 622 751 tot
663 706 1062 767 expeditionibus,
1119 713 1190 751 tot
1232 704 1431 766 proeliis,
1480 719 1560 749 seu

238 788 570 834 “fortitudine
616 789 834 835 adversus
874 791 1050 842 hostes,
1109 804 1191 834 seu
1237 786 1468 848 patientia
1505 801 1562 832 ac

237 877 269 896 ⁶⁶
295 869 454 916 labore
475 886 618 932 paene
640 870 858 917 adversus
873 870 1021 932 ipsam
1038 885 1194 916 rerum
1211 877 1428 915 naturam
1444 884 1564 930 opus

239 959 271 978 ‘⁶
297 951 401 1006 fuit,
480 967 637 1014 neque
681 968 760 998 me
799 952 1020 1006 militum,
1091 967 1248 1012 neque
1301 967 1383 997 vos
1430 949 1564 996 ducis

237 1040 270 1059 ‘⁶
294 1034 531 1094 paenituit.
590 1033 718 1095 Ergo
737 1034 907 1095 egressi
932 1049 1040 1094 ,ego
1055 1040 1266 1079 veterum
1281 1032 1562 1093 legatorum,

240 1123 271 1142 ‘⁶
299 1131 379 1161 vos
434 1117 646 1176 priorum
698 1115 997 1161 exercituum
1047 1113 1349 1168 terminos,'2³0
1414 1111 1564 1159 finem

239 1204 272 1223 ⁶⁶
300 1195 580 1252 Britanniae,
617 1213 715 1243 non
747 1197 889 1252 fama,
927 1212 1017 1242 nec
1050 1211 1256 1250 rumore,
1293 1196 1375 1241 sed
1402 1194 1566 1241 castris

241 1285 273 1305 ‘⁶
299 1287 346 1324 et
362 1279 501 1324 armis
517 1286 746 1325 tenemus.
787 1278 989 1326 Iuventa
1003 1277 1266 1332 Britannia,
1286 1286 1334 1323 et
1348 1278 1561 1323 subacta.

240 1367 272 1387 ‘⁶
297 1359 534 1421 Equidem
569 1375 700 1422 saepe
739 1362 786 1406 in
827 1360 1036 1423 agmine,
1096 1361 1206 1406 cum
1237 1376 1318 1406 vos
1350 1359 1563 1421 paludes,

241 1448 273 1468 ‘⁶
298 1450 557 1496 montesve,
580 1450 626 1487 et
643 1440 844 1488 flumina
858 1442 1126 1504 fatigarent,
1151 1442 1389 1489 fortissimi
1407 1443 1564 1504 cujus-

241 1529 273 1550 ‘⁶
299 1539 393 1585 que
438 1539 579 1570 voces
616 1523 885 1578 audiebam,
939 1524 1131 1586 quando
1172 1523 1360 1571 dabitur
1399 1523 1562 1579 hostis,

239 1610 272 1630 ‘⁶
297 1604 488 1666 quando
503 1605 655 1651 acies?
694 1602 908 1650 Veniunt
923 1604 1153 1650 elatebris
1169 1605 1262 1650 suis
1278 1606 1478 1651 extrusi:
1516 1613 1564 1652 et

240 1693 272 1712 ‘⁶
298 1695 408 1732 vota
429 1686 668 1748 virtusque
692 1686 742 1731 in
770 1694 951 1748 aperto,
1010 1686 1264 1748 omniaque
1293 1703 1443 1748 prona
1465 1687 1562 1734 vic-

241 1775 272 1794 “
298 1768 495 1822 toribus,
543 1777 685 1830 atque
710 1767 876 1814 eadem
906 1769 1044 1815 victis
1079 1769 1284 1815 adversa.
1355 1767 1482 1816 Nam
1512 1777 1565 1817 ut

242 1856 274 1876 ‘⁶
301 1866 543 1911 superasse
559 1858 743 1896 tantum
762 1850 958 1905 itineris,
971 1851 1106 1897 silvas
1121 1851 1335 1905 evasisse,
1347 1852 1565 1898 transisse

237 1939 273 1958 ‘⁶
302 1932 538 1986 aestuaria,
586 1931 839 1993 pulchrum
865 1947 921 1976 ac
956 1931 1183 1977 decorum
1206 1931 1256 1977 in
1278 1932 1483 1978 frontem
1493 1933 1562 1988 3²³¹

242 2021 275 2041 ‘⁶
301 2014 367 2059 ita
389 2014 681 2076 fugientibus
704 2012 1115 2074 periculosissima,
1152 2029 1262 2074 quae
1279 2013 1420 2060 hodie
1434 2030 1563 2075 pros-

242 2103 273 2123 ⁶⁶
299 2096 506 2157 perrima
522 2095 703 2142 sun-tf³32
771 2092 944 2155 Neque
959 2093 1087 2139 enim
1102 2093 1237 2139 nobis
1254 2102 1334 2139 aut
1351 2094 1564 2141 locorum

241 2185 273 2204 ‘⁶
300 2178 462 2224 eadem
493 2177 680 2231 notitia,
716 2184 798 2222 aut
830 2183 1185 2222 commeatuum
1217 2174 1383 2221 eadem
1414 2177 1563 2222 abun-

240 2264 273 2283 “
299 2257 482 2303 dantia:
523 2257 605 2303 sed
635 2272 822 2311 manus,
859 2265 907 2303 et
925 2256 1129 2310 arma,‘²³³
1165 2265 1211 2301 et
1236 2256 1284 2301 in
1300 2256 1371 2303 his
1386 2258 1561 2304 onmia.

241 2347 273 2367 “
300 2339 442 2389 Quod
471 2340 530 2385 ad
553 2353 631 2384 me
655 2339 839 2392 attinet,
867 2339 971 2399 jam
988 2336 1173 2399 pridem
1189 2337 1304 2383 mihi
1322 2337 1565 2386 decretum

239 2428 271 2448 ⁶‘
298 2431 383 2476 est,
437 2436 592 2483 neque
631 2420 883 2474 exercitas,
936 2434 1093 2481 neque
1124 2418 1258 2465 ducis
1295 2427 1429 2482 terga
1462 2427 1565 2468 tuta

238 2509 270 2530 ‘⁶
297 2519 413 2550 esse.
482 2502 685 2548 Proinde
703 2509 751 2547 et
765 2502 963 2547 honesta
977 2516 1102 2546 mors
1125 2500 1252 2560 turpi
1270 2500 1365 2546 vita
1381 2500 1538 2562 potior
1547 2521 1562 2558 ;

233 2591 273 2612 ·“
298 2594 347 2631 et
377 2584 678 2631 incolumitas
714 2597 770 2629 ac
800 2581 961 2637 decus,
999 2581 1166 2628 eodem
1190 2581 1296 2628 loco
1320 2582 1409 2629 sita
1427 2590 1559 2629 sunt:
