1668 3053
321 588 467 648 CN,
501 589 775 651 JULH
800 592 1344 663 AGRICOLAE

644 761 691 805 V
744 764 769 810 I
825 765 869 812 T
924 768 1008 822 Α,1

612 943 1035 982 SCRIPTORE

305 1087 780 1150 C2CORN·
829 1091 1326 1157 TA-CITOJ

744 1253 894 1275 -*-

152 1372 580 1463 CIARORUM
605 1378 805 1423 virorum
827 1377 950 1423 facta
980 1395 1224 1443 moresque
1259 1387 1458 1444 posteris

147 1514 151 1517 .
271 1457 450 1504 tradere
465 1457 973 1519 antiquitus-usitatum,
998 1474 1057 1504 ne
1076 1462 1243 1508 nostris
1263 1464 1455 1524 quidem

145 1538 451 1598 temporibus,
505 1553 792 1599 quamquam
828 1537 1062 1584 incuriosa
1108 1555 1294 1587 suorum
1342 1554 1457 1591 aetas

142 1618 319 1672 omisit,
355 1618 571 1679 quotiens
600 1633 773 1677 magna
802 1617 959 1678 aliqua
998 1634 1055 1664 ac
1097 1619 1268 1666 nobilis
1310 1623 1454 1670 virtus

142 1699 256 1743 vicit
286 1714 341 1744 ac
366 1713 661 1759 supergressa
683 1707 751 1744 est
778 1699 962 1752 vitium,
998 1700 1151 1760 parvis
1173 1702 1452 1764 magnisque

132 1778 409 1837 *civitatibus
433 1793 700 1831 commune,
751 1778 1063 1838 ignorantiam
1102 1781 1216 1825 rec-ti
1249 1790 1294 1825 et
1331 1783 1446 1829 invi-

139 1858 279 1904 diam.
362 1857 452 1904 Sed
488 1859 615 1920 apud
649 1859 840 1920 priores,
904 1867 956 1904 ut
1000 1876 1137 1920 agere
1186 1872 1447 1909 memoratu

135 1940 279 2003 digna
320 1956 537 2001 pronum,
592 1941 837 2002 magisque
894 1941 944 1985 in
989 1950 1150 2001 aperto
1193 1952 1289 1987 erat
1301 1964 1315 1996 5
1380 1944 1446 1990 ita

132 2020 460 2066 celeberrimus
509 2021 707 2081 quisque
759 2021 965 2080 ingenio,
1030 2021 1090 2065 ad
1153 2022 1443 2082 prodendam

130 2100 312 2146 virtutis
352 2102 644 2155 memoriam,
702 2101 800 2147 sine
843 2102 993 2161 gratia
1041 2110 1121 2146 aut
1164 2102 1438 2158 ambitione,

128 2180 269 2225 bonae
292 2180 476 2225 tantum
500 2180 805 2226 conscientiae
821 2181 989 2241 pretio,
1015 2180 1288 2225 ducebatur.
1358 2183 1436 2228 Ac

120 2260 338 2321 plerique
361 2275 492 2305 suam
520 2260 608 2321 ipsi
631 2260 774 2305 vitam
798 2275 998 2314 narrare,
1037 2260 1260 2305 fiduciam
1277 2262 1436 2320 potins

123 2355 324 2394 morum,
361 2342 504 2402 quam
531 2340 844 2401 arrogantiam
866 2341 1075 2386 arbitrati
1104 2348 1232 2386 sunt:
1271 2355 1359 2385 nec
1385 2341 1434 2387 id

115 2417 318 2466 Rutili0²
352 2428 398 2465 et
428 2418 618 2465 Scauro³
643 2419 761 2464 citra
791 2418 951 2473 fidem,
988 2428 1068 2466 aut
1097 2420 1427 2467 obtrectationi

117 2499 233 2547 fuit:
292 2499 407 2546 adeo
450 2500 642 2547 virtutes
689 2499 854 2547 iisdem
899 2502 1190 2564 temporibus
1247 2502 1426 2564 optime
