1668 3053
155 186 244 236 178
446 189 610 228 NOTAE
645 189 716 225 ET
752 187 1186 225 EMENDATIONES

156 295 399 344 Kalendas
465 292 772 346 Decembris,
843 307 968 337 anno
1001 302 1053 338 U.
1087 299 1134 336 C.
1172 294 1387 338 DCCXH.
1425 294 1485 339 ab

154 365 377 425 Augusto
397 360 648 423 adoptatus
666 373 790 403 anno
815 367 1035 403 DCCLVI.
1104 355 1336 416 Princeps
1359 374 1484 404 anno

158 438 441 476 DCCLXVII.
492 433 708 471 mortuus
750 422 955 483 septimo
1008 421 1196 468 decimo
1244 420 1486 469 Kalendas

160 495 355 556 Aprilis,
392 508 518 539 anno
544 499 747 537 DCCXC.
785 487 930 534 Stem.
967 486 1090 534 Caes.
1115 485 1256 533 Tom.
1282 487 1320 533 I.
1355 504 1484 534 num.

156 560 235 607 68.
259 573 370 622 pag.
397 558 505 610 474.
544 556 636 602 Ed.
706 552 929 608 Neronis,
966 552 1015 598 id
1060 561 1146 608 est,
1181 551 1382 609 Tiberii,
1428 554 1489 599 ab

158 627 384 688 Augusto
427 624 478 670 in
527 620 842 668 Germaniam
896 618 1044 673 missi,
1110 627 1159 665 et
1208 617 1488 666 Germanic-i

158 707 379 754 operosas
415 689 636 736 victorias
669 685 871 732 vidimus
909 685 959 730 in
994 683 1126 730 libris
1157 684 1422 732 Annalimn
1448 684 1488 731 I.

163 766 212 803 et
236 757 305 802 ΙΙ.
374 753 502 801 Vide
525 768 717 816 quoque
739 752 950 798 Stemma
971 746 1234 804 Caesarum,
1270 762 1401 796 num.
1426 744 1491 795 '68

162 832 211 869 et
226 825 303 867 81.
375 819 693 867 Germanicus
709 816 748 863 C
754 833 889 872 aesar,
911 813 1103 862 Nerone
1118 814 1320 861 Claudio
1336 814 1496 862 Druso

160 898 210 935 et
231 887 447 934 Antonia
469 886 655 931 minore
686 884 890 945 genitus,
927 881 1219 941 optimorum
1241 889 1494 942 parentum

161 955 288 1001 filius
333 951 562 1014 optimus,
619 958 667 996 et
709 949 890 1010 populo
944 945 1163 994 Romano
1211 946 1493 993 carissimus.

161 1019 402 1072 Tiberius,
430 1017 635 1080 jubente
673 1015 914 1076 Augusto,
950 1013 1082 1059 illum
1105 1012 1349 1074 adoptavit
1372 1028 1498 1058 anno

168 1097 219 1132 U.
248 1095 293 1130 C.
331 1093 576 1130 DCCLVII.
614 1081 767 1127 factus
803 1079 1052 1140 Princeps,
1104 1077 1274 1124 invidit
1286 1098 1300 1132 3
1361 1076 1500 1124 Livia

170 1150 355 1197 Pisonis
393 1158 441 1195 et
474 1147 723 1194 Plancinae
745 1162 930 1192 veneno
951 1143 1191 1190 interemit
1213 1158 1339 1190 anno
1370 1153 1423 1189 U.
1451 1154 1501 1190 c.

171 1226 455 1263 DCCLXXII.
486 1213 613 1260 haud
637 1212 839 1258 multum
864 1211 1058 1273 triginta
1082 1223 1232 1256 annos
1247 1222 1502 1271 egressum.

135 1281 139 1286 ’
171 1284 366 1329 Stemm.
392 1279 521 1326 Caes.
545 1278 688 1324 Tom.
716 1277 756 1324 I.
783 1293 913 1324 num.
941 1279 1017 1322 81.
1042 1291 1152 1338 pag.
1178 1273 1288 1327 476.
1325 1273 1419 1320 Ed.

241 1418 296 1443 ³⁰⁹
340 1415 390 1462 C.
437 1410 684 1473 Caesarisfl
738 1409 841 1458 Caii
880 1409 1130 1473 Caligulae.
1201 1406 1368 1455 Minas
1406 1410 1507 1471 ejus

178 1486 228 1530 in
270 1480 531 1529 ludibrium
588 1494 743 1525 versas
789 1477 1004 1523 dicemus
1060 1475 1111 1521 in
1165 1473 1508 1537 Supplemento

174 1547 457 1603 Annalium,
492 1543 641 1591 VIII.
673 1547 751 1589 23.
822 1543 906 1589 Ad
940 1541 1120 1589 bellum
1155 1549 1210 1588 ut
1245 1540 1305 1587 ad
1340 1540 1508 1588 ludum

176 1613 435 1677 profectus,
486 1612 619 1657 recta
656 1609 796 1671 petiit
840 1607 1154 1655 Germaniam
1197 1605 1507 1668 superiorem,

180 1681 258 1728 cni
310 1680 419 1725 loco
468 1675 662 1723 Lentuli
722 1673 956 1721 Gaetulici
1009 1672 1221 1720 Servium
1280 1670 1510 1728 Galbam,

179 1743 410 1807 obsequio
432 1753 533 1791 tam
557 1741 822 1804 egregium,
855 1756 1000 1802 quam
1016 1737 1329 1786 dominationi
1345 1746 1514 1799 postea

181 1813 415 1873 imparem
466 1809 766 1872 praefecerat.
858 1806 1108 1853 Adventus
1163 1804 1234 1851 sui
1293 1803 1515 1850 laetitiam

185 1877 516 1938 intempestiva
558 1872 822 1926 severitate,
872 1871 1045 1918 deinde
1076 1870 1289 1932 turpiore
1325 1868 1517 1931 ignavia

185 1942 412 2004 corrupit.
482 1939 582 1986 Vix
622 1939 750 1986 enim
788 1947 943 1985 castra
976 1936 1153 1998 attigit,
1205 1935 1367 1983 statim
1401 1944 1517 1982 cum

184 2007 450 2072 ignominia
503 2005 741 2052 dimittere
774 2004 974 2066 legatos,
1031 2002 1114 2065 qui
1153 2001 1332 2048 auxilia
1368 1999 1516 2047 serius

187 2075 508 2121 adduxerant:
550 2072 618 2117 ita,
634 2085 879 2118 recensere
894 2069 1179 2123 exercitum,
1213 2075 1268 2113 ut
1281 2066 1520 2130 plerisque

187 2139 520 2188 centurionum
530 2136 744 2191 maturis,
761 2144 808 2182 et
821 2152 915 2182 non
922 2134 1059 2182 nullis
1069 2142 1178 2180 ante
1187 2132 1517 2195 paucissimos,

188 2222 336 2268 quam
373 2202 747 2251 consummaturi
780 2208 953 2258 essent,
1011 2200 1129 2255 dies,
1185 2197 1364 2260 primos
1397 2197 1521 2260 pilos

190 2272 440 2325 adimeret,
499 2269 687 2316 senium
757 2268 991 2330 cujusque
1043 2275 1092 2313 et
1142 2263 1523 2310 imbecillitatem

190 2345 434 2384 causatus:
483 2344 748 2382 ceterorum
785 2332 1020 2394 increpita
1060 2331 1340 2393 cupiditate,
1390 2344 1522 2375 com·

191 2404 335 2449 moda
358 2401 570 2448 emeritae
595 2400 781 2446 militiae
806 2399 866 2445 ad
890 2415 972 2445 sex
996 2397 1198 2445 millium
1221 2393 1288 2441 H.
1315 2393 1358 2441 S.
1398 2405 1522 2442 sum-

190 2485 317 2514 mam
342 2467 567 2515 recidere.
627 2464 890 2527 Sup.Ann.
910 2462 1054 2510 VIII.
1085 2463 1324 2525 pag-315.
1362 2460 1456 2509 Ed.

263 2601 318 2625 ²³⁰
355 2600 610 2662 Legionmn
639 2592 886 2657 hibernis]
924 2593 983 2640 In
1006 2593 1132 2640 bello
1159 2591 1316 2648 Civili,
1353 2592 1412 2640 de
1435 2607 1531 2655 quo
1584 2601 1590 2606 '

197 2666 380 2729 dictum
399 2665 508 2713 satis
525 2664 664 2730 supra
684 2660 808 2708 Hist.
832 2658 915 2707 IV.
942 2670 987 2727 et
1012 2657 1065 2705 V.
