1668 3053
285 187 356 223 AD
392 187 492 223 Lm.
519 187 590 223 DE
626 185 862 222 Momssus
900 184 1296 222 GERMANORUM.
1358 175 1440 221 121

144 287 455 333 Ammianum
493 285 847 340 Marcellinum,
883 286 962 347 qui
987 285 1109 331 bella
1131 282 1449 329 Romanorum

143 352 192 398 in
227 351 481 398 Germania
504 351 761 412 descripsit.
840 354 1004 411 ltaque
1019 365 1113 394 non
1128 348 1332 402 urbium,
1368 348 1450 395 sed

142 416 355 462 vicorum
377 424 484 462 sunt
507 416 714 467 nomina,
751 430 860 475 quae
886 415 1027 459 habet
1062 412 1348 458 Ptolemaeus
1379 411 1446 459 II.

149 482 219 525 11.
289 479 540 526 Germanis
585 495 645 525 ne
689 481 815 524 fuere
856 479 1046 541 quidem
1090 476 1281 538 oppida,
1338 477 1449 525 licet

144 544 278 590 aliter
315 545 549 605 scripserit
580 542 734 589 Julius
769 541 944 590 Caesar.
1012 540 1136 587 Vide
1159 540 1448 597 Clnverium,

147 606 406 655 Germania
426 609 582 669 Antiq.
605 609 643 654 Ι.
672 611 739 653 13.
763 624 871 674 pag.
896 608 997 652 104.

211 737 261 765 ¹³³
296 737 460 796 Spatio
496 736 796 798 circumdat]
838 736 961 782 Illud
1012 737 1233 796 spatium,
1288 735 1448 784 domui

141 802 521 864 circumjectum,
557 811 604 848 et
635 802 822 861 sepibus
862 802 1090 854 cinctum,
1125 800 1213 846 fuit
1245 800 1449 847 celebra-

139 866 319 913 tissima
363 867 440 914 ina
480 876 604 923 terra
645 865 811 920 Salica,
861 881 970 927 quae
1015 875 1114 912 erat
1148 864 1304 919 viriHS,
1353 880 1451 914 non

139 930 395 986 muliebris,
452 933 588 977 sexus
626 931 872 977 hereditas.
939 928 1029 975 Sed
1052 930 1141 974 hac
1165 929 1223 975 de
1246 945 1295 976 re
1316 929 1453 990 plura

142 994 191 1040 in
223 993 361 1042 Notis
397 1004 444 1041 et
481 995 902 1041 Eniendationibus
947 995 1007 1039 ad
1043 1009 1146 1055 cap.
1173 997 1250 1039 20.
1288 993 1370 1040 ubi
1392 994 1452 1042 de

140 1060 448 1105 successionis
462 1060 643 1121 legibus
659 1059 785 1120 apud
801 1057 1064 1105 Germanos
1079 1067 1258 1120 agetur.
1327 1057 1451 1105 Vide

140 1131 190 1168 et
204 1122 275 1170 Cl.
298 1124 356 1169 de
372 1122 729 1187 Monte-squieu,
771 1123 939 1183 Esprit
971 1124 1048 1170 des
1078 1125 1216 1177 Loix,
1251 1121 1447 1175 XVIII,

210 1318 260 1346 ¹³⁴
293 1315 528 1363 Adversz‘cs
571 1333 703 1363 casus
749 1318 907 1380 ignis]
967 1317 1028 1363 Et
1070 1335 1190 1379 pace
1240 1318 1449 1378 quidem,

141 1381 388 1442 magisque
431 1383 585 1428 adhuc
629 1383 768 1436 bello,
826 1383 1115 1428 metuendos.
1199 1383 1453 1431 Ferventes

142 1446 267 1491 enim
279 1447 425 1503 fusili
446 1462 500 1491 ex
523 1446 694 1509 argilla}
710 1447 902 1509 glandes
911 1447 1100 1504 fundis,
1124 1448 1452 1506 etservcffacta

131 1511 296 1567 jacula
350 1512 397 1556 in
439 1526 586 1566 casas,
651 1527 760 1573 quae
805 1512 1068 1558 stramentis
1108 1522 1240 1558 erant
1289 1521 1450 1569 tectae,

133 1577 297 1635 jacere
321 1583 560 1628 noverant,
597 1585 650 1622 ut
691 1576 952 1636 accipimus
992 1592 1051 1621 ex
1083 1575 1212 1622 Julio
1242 1576 1449 1633 Caesare,

144 1640 263 1684 Bell.
296 1638 421 1686 Gall.
448 1639 508 1685 V.
529 1641 604 1685 42.
675 1639 971 1686 Canadenses
986 1642 1167 1701 populi,
1203 1640 1454 1690 Germanis

142 1705 464 1759 incautiores„
521 1719 650 1750 casas
702 1720 872 1765 parum
929 1713 1172 1766 separant3
1252 1706 1453 1776 ideoque

141 1769 369 1818 ‚incendiis
391 1785 519 1831 saepe
542 1769 750 1815 obnoxii.
983 1768 988 1773 ’

210 1898 261 1928 ³³⁵
295 1896 549 1958 iWIalerc'A]
590 1897 755 1959 Lignis
787 1898 1064 1946 informibus
1087 1901 1354 1946 utebantur.

209 2026 261 2055 ¹³⁶
296 2027 497 2072 Illinunt
543 2025 715 2087 terni]
775 2025 970 2074 Terram
1016 2028 1142 2074 illam
1177 2030 1287 2074 sane
1311 2045 1337 2075 e
1360 2031 1453 2079 suis

144 2091 383 2138 montibus
421 2091 720 2138 effodiebant.
791 2090 928 2136 Forte
965 2092 1107 2138 etiam
1146 2109 1173 2138 e
1211 2091 1455 2141 Britannia

143 2155 389 2201 advectam
426 2155 729 2216 usurpabant.
817 2156 962 2201 Anno
1017 2155 1153 2211 1647,
1209 2156 1258 2203 in
1302 2158 1454 2207 insula

153 2219 438 2274 Whlchereu,
495 2221 546 2266 in
583 2219 829 2274 Zelandia,
887 2229 1071 2281 reperta
1107 2229 1215 2266 sunt
1251 2222 1455 2282 plurima

143 2293 453 2330 monumenta
467 2284 569 2330 deae
584 2282 898 2329 Nehalenniae
915 2286 1079 2346 posita.
1135 2286 1264 2331 Inter
1278 2287 1453 2336 votivas

145 2347 481 2409 Inscriptiones
535 2365 630 2394 una
684 2357 858 2393 exstat:
930 2359 996 2394 ΟΒ
1056 2359 1264 2398 MERCES
1323 2361 1452 2401 RITE

150 2421 528 2459 CONSERVATAS
549 2423 606 2458 Μ.
626 2422 855 2458 SECVND.
875 2423 1130 2459 SILVANVS
1149 2423 1454 2464 NEGOTTOR

150 2476 216 2535 (id
240 2484 309 2522 est
332 2478 612 2539 negotiator)
654 2487 950 2522 CRETAmvs
988 2488 1453 2530 BRITANNlclANVS

146 2551 195 2586 v.
230 2551 267 2587 S.
301 2550 344 2592 L.
380 2553 435 2588 M.
506 2541 563 2589 Id
586 2549 655 2588 est
676 2548 827 2597 votum
845 2541 979 2591 solvit
1002 2542 1157 2591 lubens
1172 2540 1352 2591 merilb.
