<?xml version="1.0" encoding="UTF-8"?>
<!DOCTYPE html PUBLIC "-//W3C//DTD XHTML 1.0 Transitional//EN"
    "http://www.w3.org/TR/xhtml1/DTD/xhtml1-transitional.dtd">
<html xmlns="http://www.w3.org/1999/xhtml" xml:lang="en" lang="en">
 <head>
  <title>
</title>
<meta http-equiv="Content-Type" content="text/html;charset=utf-8" />
  <meta name='ocr-system' content='tesseract 3.04.00' />
  <meta name='ocr-capabilities' content='ocr_page ocr_carea ocr_par ocr_line ocrx_word'/>
</head>
<body>
  <div class='ocr_page' id='page_1' title='image "./demoribusgermano00taciuoft_0245.png"; bbox 0 0 1668 3053; ppageno 0'>
   <div class='ocr_carea' id='block_1_1' title="bbox 317 267 1431 317">
    <p class='ocr_par' dir='ltr' id='par_1_1' title="bbox 317 267 1431 317">
     <span class='ocr_line' id='line_1_1' title="bbox 317 267 1431 317; baseline 0 -6"><span class='ocrx_word' id='word_1_1' title='bbox 317 271 389 311; x_wconf 85' lang='lat' dir='ltr'>AD</span> <span class='ocrx_word' id='word_1_2' title='bbox 427 268 602 310; x_wconf 78' lang='lat' dir='ltr'>VITAM</span> <span class='ocrx_word' id='word_1_3' title='bbox 642 270 729 308; x_wconf 76' lang='lat' dir='ltr'>CN.</span> <span class='ocrx_word' id='word_1_4' title='bbox 758 272 869 310; x_wconf 82' lang='lat' dir='ltr'><strong>JUL.</strong></span> <span class='ocrx_word' id='word_1_5' title='bbox 896 268 1197 310; x_wconf 68' lang='lat' dir='ltr'><strong>AGRICOLAE.</strong></span> <span class='ocrx_word' id='word_1_6' title='bbox 1336 267 1431 317; x_wconf 66' lang='lat'>2⁶29</span> 
     </span>
    </p>
   </div>
   <div class='ocr_carea' id='block_1_2' title="bbox 96 371 1433 834">
    <p class='ocr_par' dir='ltr' id='par_1_2' title="bbox 96 371 1433 834">
     <span class='ocr_line' id='line_1_2' title="bbox 99 371 1429 439; baseline -0.001 -15"><span class='ocrx_word' id='word_1_7' title='bbox 99 371 378 439; x_wconf 80' lang='lat' dir='ltr'>Propinqua</span> <span class='ocrx_word' id='word_1_8' title='bbox 408 375 629 422; x_wconf 83' lang='lat' dir='ltr'>adfinitas</span> <span class='ocrx_word' id='word_1_9' title='bbox 652 373 826 421; x_wconf 79' lang='lat' dir='ltr'>Ceriali</span> <span class='ocrx_word' id='word_1_10' title='bbox 852 390 962 421; x_wconf 87' lang='lat' dir='ltr'>cum</span> <span class='ocrx_word' id='word_1_11' title='bbox 987 373 1301 437; x_wconf 77' lang='lat' dir='ltr'>Vespasiano,</span> <span class='ocrx_word' id='word_1_12' title='bbox 1340 394 1429 424; x_wconf 81' lang='lat' dir='ltr'>nec</span> 
     </span>
     <span class='ocr_line' id='line_1_3' title="bbox 96 441 1429 506; baseline -0.002 -17"><span class='ocrx_word' id='word_1_13' title='bbox 96 444 199 506; x_wconf 88' lang='lat' dir='ltr'>ipse</span> <span class='ocrx_word' id='word_1_14' title='bbox 215 442 441 505; x_wconf 85' lang='lat' dir='ltr'>inglorius</span> <span class='ocrx_word' id='word_1_15' title='bbox 455 441 638 487; x_wconf 78' lang='lat' dir='ltr'>militiae</span> <span class='ocrx_word' id='word_1_16' title='bbox 652 462 664 495; x_wconf 80' lang='lat'>3</span> <span class='ocrx_word' id='word_1_17' title='bbox 682 443 833 503; x_wconf 74' lang='lat' dir='ltr'>eoque</span> <span class='ocrx_word' id='word_1_18' title='bbox 851 441 972 486; x_wconf 86' lang='lat' dir='ltr'>inter</span> <span class='ocrx_word' id='word_1_19' title='bbox 987 442 1132 487; x_wconf 79' lang='lat' dir='ltr'>duces</span> <span class='ocrx_word' id='word_1_20' title='bbox 1149 442 1429 503; x_wconf 74' lang='lat' dir='ltr'>adsumptus</span> 
     </span>
     <span class='ocr_line' id='line_1_4' title="bbox 103 502 1433 568; baseline -0.002 -13"><span class='ocrx_word' id='word_1_21' title='bbox 103 516 188 555; x_wconf 86' lang='lat' dir='ltr'>est.</span> <span class='ocrx_word' id='word_1_22' title='bbox 243 508 370 555; x_wconf 89' lang='lat' dir='ltr'>Hist.</span> <span class='ocrx_word' id='word_1_23' title='bbox 402 506 498 553; x_wconf 88' lang='lat' dir='ltr'><strong>III.</strong></span> <span class='ocrx_word' id='word_1_24' title='bbox 532 522 642 568; x_wconf 88' lang='lat' dir='ltr'>pag.</span> <span class='ocrx_word' id='word_1_25' title='bbox 677 509 779 557; x_wconf 84' lang='lat'>193.</span> <span class='ocrx_word' id='word_1_26' title='bbox 849 502 921 551; x_wconf 90' lang='lat' dir='ltr'>At</span> <span class='ocrx_word' id='word_1_27' title='bbox 960 504 1128 553; x_wconf 82' lang='lat' dir='ltr'>Romae</span> <span class='ocrx_word' id='word_1_28' title='bbox 1167 515 1344 553; x_wconf 83' lang='lat' dir='ltr'>cuneta</span> <span class='ocrx_word' id='word_1_29' title='bbox 1382 507 1433 552; x_wconf 90' lang='lat' dir='ltr'>in</span> 
     </span>
     <span class='ocr_line' id='line_1_5' title="bbox 103 570 1431 634; baseline -0.002 -13"><span class='ocrx_word' id='word_1_30' title='bbox 103 574 308 622; x_wconf 84' lang='lat' dir='ltr'>deterius</span> <span class='ocrx_word' id='word_1_31' title='bbox 343 573 505 619; x_wconf 80' lang='lat' dir='ltr'>audita.</span> <span class='ocrx_word' id='word_1_32' title='bbox 542 570 831 618; x_wconf 78' lang='lat' dir='ltr'>Mucianum</span> <span class='ocrx_word' id='word_1_33' title='bbox 867 573 1125 632; x_wconf 79' lang='lat' dir='ltr'>angebant,</span> <span class='ocrx_word' id='word_1_34' title='bbox 1179 588 1239 617; x_wconf 77' lang='lat' dir='ltr'>ne</span> <span class='ocrx_word' id='word_1_35' title='bbox 1281 589 1431 634; x_wconf 82' lang='lat' dir='ltr'>quan-</span> 
     </span>
     <span class='ocr_line' id='line_1_6' title="bbox 105 637 1433 703; baseline -0.003 -16"><span class='ocrx_word' id='word_1_36' title='bbox 105 657 250 703; x_wconf 83' lang='lat' dir='ltr'>quam</span> <span class='ocrx_word' id='word_1_37' title='bbox 285 638 463 700; x_wconf 76' lang='lat' dir='ltr'>egregii</span> <span class='ocrx_word' id='word_1_38' title='bbox 501 637 647 683; x_wconf 81' lang='lat' dir='ltr'>duces</span> <span class='ocrx_word' id='word_1_39' title='bbox 695 638 816 698; x_wconf 81' lang='lat' dir='ltr'>(jam</span> <span class='ocrx_word' id='word_1_40' title='bbox 841 640 967 682; x_wconf 79' lang='lat' dir='ltr'>enim</span> <span class='ocrx_word' id='word_1_41' title='bbox 995 637 1188 683; x_wconf 80' lang='lat' dir='ltr'>Gallum</span> <span class='ocrx_word' id='word_1_42' title='bbox 1214 638 1433 684; x_wconf 78' lang='lat' dir='ltr'>Annium</span> 
     </span>
     <span class='ocr_line' id='line_1_7' title="bbox 102 699 1433 765; baseline -0.002 -13"><span class='ocrx_word' id='word_1_43' title='bbox 102 715 152 752; x_wconf 86' lang='lat' dir='ltr'>et</span> <span class='ocrx_word' id='word_1_44' title='bbox 188 704 410 751; x_wconf 89' lang='lat' dir='ltr'>Petilium</span> <span class='ocrx_word' id='word_1_45' title='bbox 447 699 684 749; x_wconf 75' lang='lat' dir='ltr'>Cerialem</span> <span class='ocrx_word' id='word_1_46' title='bbox 724 702 982 765; x_wconf 76' lang='lat' dir='ltr'>delegerat)</span> <span class='ocrx_word' id='word_1_47' title='bbox 1043 719 1279 749; x_wconf 83' lang='lat' dir='ltr'>summam</span> <span class='ocrx_word' id='word_1_48' title='bbox 1323 702 1433 749; x_wconf 86' lang='lat' dir='ltr'>belli</span> 
     </span>
     <span class='ocr_line' id='line_1_8' title="bbox 104 766 1233 834; baseline -0.004 -16"><span class='ocrx_word' id='word_1_49' title='bbox 104 785 272 834; x_wconf 81' lang='lat' dir='ltr'>parum</span> <span class='ocrx_word' id='word_1_50' title='bbox 295 770 562 817; x_wconf 82' lang='lat' dir='ltr'>tolerarent.</span> <span class='ocrx_word' id='word_1_51' title='bbox 601 767 727 815; x_wconf 78' lang='lat' dir='ltr'>Hist.</span> <span class='ocrx_word' id='word_1_52' title='bbox 748 766 833 814; x_wconf 93' lang='lat' dir='ltr'>IV.</span> <span class='ocrx_word' id='word_1_53' title='bbox 859 785 969 831; x_wconf 85' lang='lat' dir='ltr'>pag.</span> <span class='ocrx_word' id='word_1_54' title='bbox 991 771 1101 820; x_wconf 70' lang='lat'>273.</span> <span class='ocrx_word' id='word_1_55' title='bbox 1139 767 1233 814; x_wconf 77' lang='lat' dir='ltr'>Ed.</span> 
     </span>
    </p>
   </div>
   <div class='ocr_carea' id='block_1_3' title="bbox 173 896 1436 965">
    <p class='ocr_par' dir='ltr' id='par_1_3' title="bbox 173 896 1436 965">
     <span class='ocr_line' id='line_1_9' title="bbox 173 896 1436 965; baseline 0 -17"><span class='ocrx_word' id='word_1_56' title='bbox 173 903 224 927; x_wconf 80' lang='lat'>¹²⁸</span> <span class='ocrx_word' id='word_1_57' title='bbox 260 901 546 965; x_wconf 75' lang='lat' dir='ltr'>Brigantum</span> <span class='ocrx_word' id='word_1_58' title='bbox 594 896 876 961; x_wconf 71' lang='lat' dir='ltr'>civitatem]</span> <span class='ocrx_word' id='word_1_59' title='bbox 944 897 1092 945; x_wconf 86' lang='lat' dir='ltr'>Nunc</span> <span class='ocrx_word' id='word_1_60' title='bbox 1145 901 1209 946; x_wconf 76' lang='lat' dir='ltr'>les</span> <span class='ocrx_word' id='word_1_61' title='bbox 1265 901 1436 948; x_wconf 58' lang='lat' dir='ltr'>comlbs</span> 
     </span>
    </p>
   </div>
   <div class='ocr_carea' id='block_1_4' title="bbox 108 962 1439 1087">
    <p class='ocr_par' dir='ltr' id='par_1_4' title="bbox 108 962 1439 1087">
     <span class='ocr_line' id='line_1_10' title="bbox 109 962 1439 1021; baseline 0 -8"><span class='ocrx_word' id='word_1_62' title='bbox 109 962 312 1021; x_wconf 75' lang='lat' dir='ltr'>d&#39;Yorlc,</span> <span class='ocrx_word' id='word_1_63' title='bbox 351 966 407 1012; x_wconf 82' lang='lat' dir='ltr'>de</span> <span class='ocrx_word' id='word_1_64' title='bbox 439 964 716 1018; x_wconf 80' lang='lat' dir='ltr'>Riclmzond,</span> <span class='ocrx_word' id='word_1_65' title='bbox 768 963 824 1011; x_wconf 80' lang='lat' dir='ltr'>de</span> <span class='ocrx_word' id='word_1_66' title='bbox 854 964 1141 1020; x_wconf 70' lang='lat' dir='ltr'>Lancastre,</span> <span class='ocrx_word' id='word_1_67' title='bbox 1194 965 1250 1012; x_wconf 80' lang='lat' dir='ltr'>de</span> <span class='ocrx_word' id='word_1_68' title='bbox 1291 967 1439 1013; x_wconf 70' lang='lat' dir='ltr'>ll&#39;est-</span> 
     </span>
     <span class='ocr_line' id='line_1_11' title="bbox 108 1029 1437 1087; baseline -0.002 -7"><span class='ocrx_word' id='word_1_69' title='bbox 108 1032 338 1087; x_wconf 81' lang='lat' dir='ltr'>morlcmd,</span> <span class='ocrx_word' id='word_1_70' title='bbox 376 1032 432 1078; x_wconf 83' lang='lat' dir='ltr'>de</span> <span class='ocrx_word' id='word_1_71' title='bbox 454 1031 785 1085; x_wconf 80' lang='lat' dir='ltr'>szzberland,</span> <span class='ocrx_word' id='word_1_72' title='bbox 824 1037 871 1077; x_wconf 81' lang='lat' dir='ltr'>et</span> <span class='ocrx_word' id='word_1_73' title='bbox 888 1029 1181 1078; x_wconf 53' lang='lat' dir='ltr'>l&#39;Evd‘clzbde</span> <span class='ocrx_word' id='word_1_74' title='bbox 1196 1033 1437 1079; x_wconf 58' lang='lat' dir='ltr'>Dur-ham.</span> 
     </span>
    </p>
   </div>
   <div class='ocr_carea' id='block_1_5' title="bbox 107 1161 1441 1347">
    <p class='ocr_par' dir='ltr' id='par_1_5' title="bbox 107 1161 1441 1347">
     <span class='ocr_line' id='line_1_12' title="bbox 176 1161 1439 1227; baseline -0.001 -14"><span class='ocrx_word' id='word_1_75' title='bbox 176 1168 226 1193; x_wconf 69' lang='lat'>¹2⁹</span> <span class='ocrx_word' id='word_1_76' title='bbox 269 1161 552 1227; x_wconf 63' lang='lat' dir='ltr'>Obruisset]</span> <span class='ocrx_word' id='word_1_77' title='bbox 613 1161 959 1227; x_wconf 86' lang='lat' dir='ltr'>Magnitudine</span> <span class='ocrx_word' id='word_1_78' title='bbox 1004 1181 1160 1211; x_wconf 87' lang='lat' dir='ltr'>rerum</span> <span class='ocrx_word' id='word_1_79' title='bbox 1205 1166 1439 1226; x_wconf 61' lang='lat' dir='ltr'>praeclare¹</span> 
     </span>
     <span class='ocr_line' id='line_1_13' title="bbox 107 1230 1441 1294; baseline -0.001 -15"><span class='ocrx_word' id='word_1_80' title='bbox 107 1242 364 1293; x_wconf 73' lang='lat' dir='ltr'>gestarum,</span> <span class='ocrx_word' id='word_1_81' title='bbox 401 1231 684 1279; x_wconf 83' lang='lat' dir='ltr'>successoris</span> <span class='ocrx_word' id='word_1_82' title='bbox 721 1245 884 1276; x_wconf 88' lang='lat' dir='ltr'>curam</span> <span class='ocrx_word' id='word_1_83' title='bbox 920 1230 1193 1294; x_wconf 83' lang='lat' dir='ltr'>famamque</span> <span class='ocrx_word' id='word_1_84' title='bbox 1217 1232 1441 1278; x_wconf 87' lang='lat' dir='ltr'>obruerat</span> 
     </span>
     <span class='ocr_line' id='line_1_14' title="bbox 107 1298 316 1347; baseline -0.005 -3"><span class='ocrx_word' id='word_1_85' title='bbox 107 1298 316 1347; x_wconf 86' lang='lat' dir='ltr'>Cerialis.</span> 
     </span>
    </p>
   </div>
   <div class='ocr_carea' id='block_1_6' title="bbox 107 1420 1449 2538">
    <p class='ocr_par' dir='ltr' id='par_1_6' title="bbox 107 1420 1449 2538">
     <span class='ocr_line' id='line_1_15' title="bbox 177 1420 1442 1489; baseline -0.003 -14"><span class='ocrx_word' id='word_1_86' title='bbox 177 1428 227 1452; x_wconf 76' lang='lat'>¹³⁰</span> <span class='ocrx_word' id='word_1_87' title='bbox 267 1424 504 1475; x_wconf 53' lang='lat' dir='ltr'>Quanlz‘cm</span> <span class='ocrx_word' id='word_1_88' title='bbox 550 1423 761 1489; x_wconf 68' lang='lat' dir='ltr'>licebat]</span> <span class='ocrx_word' id='word_1_89' title='bbox 828 1422 984 1472; x_wconf 86' lang='lat' dir='ltr'>Julius</span> <span class='ocrx_word' id='word_1_90' title='bbox 1030 1420 1302 1480; x_wconf 82' lang='lat' dir='ltr'>Frontinus,</span> <span class='ocrx_word' id='word_1_91' title='bbox 1372 1425 1442 1471; x_wconf 82' lang='lat' dir='ltr'>vir</span> 
     </span>
     <span class='ocr_line' id='line_1_16' title="bbox 108 1491 1441 1555; baseline -0.003 -15"><span class='ocrx_word' id='word_1_92' title='bbox 108 1508 328 1555; x_wconf 86' lang='lat' dir='ltr'>magnus,</span> <span class='ocrx_word' id='word_1_93' title='bbox 389 1494 512 1539; x_wconf 87' lang='lat' dir='ltr'>hanc</span> <span class='ocrx_word' id='word_1_94' title='bbox 552 1491 662 1538; x_wconf 84' lang='lat' dir='ltr'>belli</span> <span class='ocrx_word' id='word_1_95' title='bbox 702 1506 929 1553; x_wconf 84' lang='lat' dir='ltr'>curaeque</span> <span class='ocrx_word' id='word_1_96' title='bbox 969 1507 1025 1537; x_wconf 85' lang='lat' dir='ltr'>ae</span> <span class='ocrx_word' id='word_1_97' title='bbox 1065 1491 1207 1537; x_wconf 85' lang='lat' dir='ltr'>famae</span> <span class='ocrx_word' id='word_1_98' title='bbox 1244 1491 1441 1546; x_wconf 85' lang='lat' dir='ltr'>molem,</span> 
     </span>
     <span class='ocr_line' id='line_1_17' title="bbox 110 1555 1443 1623; baseline -0.002 -16"><span class='ocrx_word' id='word_1_99' title='bbox 110 1561 343 1623; x_wconf 81' lang='lat' dir='ltr'>quantum</span> <span class='ocrx_word' id='word_1_100' title='bbox 389 1559 581 1613; x_wconf 77' lang='lat' dir='ltr'>licebat,</span> <span class='ocrx_word' id='word_1_101' title='bbox 631 1557 870 1605; x_wconf 77' lang='lat' dir='ltr'>sustinuit.</span> <span class='ocrx_word' id='word_1_102' title='bbox 943 1555 1133 1619; x_wconf 86' lang='lat' dir='ltr'>Magno</span> <span class='ocrx_word' id='word_1_103' title='bbox 1173 1558 1304 1603; x_wconf 87' lang='lat' dir='ltr'>enim</span> <span class='ocrx_word' id='word_1_104' title='bbox 1343 1558 1443 1604; x_wconf 73' lang='lat' dir='ltr'>viro</span> 
     </span>
     <span class='ocr_line' id='line_1_18' title="bbox 108 1621 1443 1685; baseline -0.003 -13"><span class='ocrx_word' id='word_1_105' title='bbox 108 1626 364 1672; x_wconf 84' lang='lat' dir='ltr'>succedere</span> <span class='ocrx_word' id='word_1_106' title='bbox 428 1640 613 1685; x_wconf 86' lang='lat' dir='ltr'>semper</span> <span class='ocrx_word' id='word_1_107' title='bbox 665 1622 1015 1669; x_wconf 85' lang='lat' dir='ltr'>difficillimum.</span> <span class='ocrx_word' id='word_1_108' title='bbox 1112 1621 1219 1669; x_wconf 84' lang='lat' dir='ltr'>Nec</span> <span class='ocrx_word' id='word_1_109' title='bbox 1275 1624 1443 1670; x_wconf 90' lang='lat' dir='ltr'>eadem</span> 
     </span>
     <span class='ocr_line' id='line_1_19' title="bbox 107 1688 1446 1750; baseline -0.002 -13"><span class='ocrx_word' id='word_1_110' title='bbox 107 1691 295 1737; x_wconf 76' lang='lat' dir='ltr'>tantum</span> <span class='ocrx_word' id='word_1_111' title='bbox 320 1692 481 1745; x_wconf 69' lang='lat' dir='ltr'>virtus,</span> <span class='ocrx_word' id='word_1_112' title='bbox 519 1690 597 1736; x_wconf 89' lang='lat' dir='ltr'>sed</span> <span class='ocrx_word' id='word_1_113' title='bbox 624 1688 777 1750; x_wconf 87' lang='lat' dir='ltr'>major</span> <span class='ocrx_word' id='word_1_114' title='bbox 803 1688 1074 1750; x_wconf 82' lang='lat' dir='ltr'>requiritur,</span> <span class='ocrx_word' id='word_1_115' title='bbox 1111 1696 1164 1734; x_wconf 88' lang='lat' dir='ltr'>ut</span> <span class='ocrx_word' id='word_1_116' title='bbox 1199 1690 1304 1750; x_wconf 88' lang='lat' dir='ltr'>quis</span> <span class='ocrx_word' id='word_1_117' title='bbox 1335 1697 1446 1750; x_wconf 84' lang='lat' dir='ltr'>post</span> 
     </span>
     <span class='ocr_line' id='line_1_20' title="bbox 108 1753 1441 1820; baseline -0.003 -17"><span class='ocrx_word' id='word_1_118' title='bbox 108 1773 338 1820; x_wconf 86' lang='lat' dir='ltr'>magnum</span> <span class='ocrx_word' id='word_1_119' title='bbox 391 1757 545 1802; x_wconf 71' lang='lat' dir='ltr'>virum</span> <span class='ocrx_word' id='word_1_120' title='bbox 600 1770 804 1816; x_wconf 84' lang='lat' dir='ltr'>magnus</span> <span class='ocrx_word' id='word_1_121' title='bbox 848 1753 948 1815; x_wconf 85' lang='lat' dir='ltr'>ipse</span> <span class='ocrx_word' id='word_1_122' title='bbox 994 1755 1238 1800; x_wconf 85' lang='lat' dir='ltr'>habeatur.</span> <span class='ocrx_word' id='word_1_123' title='bbox 1322 1754 1441 1808; x_wconf 80' lang='lat' dir='ltr'>Qui,</span> 
     </span>
     <span class='ocr_line' id='line_1_21' title="bbox 109 1818 1445 1882; baseline -0.004 -13"><span class='ocrx_word' id='word_1_124' title='bbox 109 1822 388 1877; x_wconf 83' lang='lat' dir='ltr'>Gruterum,</span> <span class='ocrx_word' id='word_1_125' title='bbox 412 1821 785 1882; x_wconf 81' lang='lat' dir='ltr'>Berneggerurn,</span> <span class='ocrx_word' id='word_1_126' title='bbox 812 1818 1110 1866; x_wconf 73' lang='lat' dir='ltr'>Gronovium</span> <span class='ocrx_word' id='word_1_127' title='bbox 1127 1826 1174 1865; x_wconf 87' lang='lat' dir='ltr'>et</span> <span class='ocrx_word' id='word_1_128' title='bbox 1190 1819 1445 1867; x_wconf 88' lang='lat' dir='ltr'>Ernestum</span> 
     </span>
     <span class='ocr_line' id='line_1_22' title="bbox 111 1883 1445 1948; baseline -0.002 -14"><span class='ocrx_word' id='word_1_129' title='bbox 111 1889 280 1942; x_wconf 83' lang='lat' dir='ltr'>secuti,</span> <span class='ocrx_word' id='word_1_130' title='bbox 340 1890 448 1934; x_wconf 80' lang='lat' dir='ltr'>haec</span> <span class='ocrx_word' id='word_1_131' title='bbox 492 1887 813 1948; x_wconf 83' lang='lat' dir='ltr'>conjungunt,</span> <span class='ocrx_word' id='word_1_132' title='bbox 867 1885 942 1931; x_wconf 69' lang='lat' dir='ltr'>vir</span> <span class='ocrx_word' id='word_1_133' title='bbox 981 1901 1178 1948; x_wconf 74' lang='lat' dir='ltr'>magnus</span> <span class='ocrx_word' id='word_1_134' title='bbox 1217 1883 1445 1946; x_wconf 58' lang='lat' dir='ltr'>quamnim</span> 
     </span>
     <span class='ocr_line' id='line_1_23' title="bbox 112 1949 1447 2013; baseline -0.001 -15"><span class='ocrx_word' id='word_1_135' title='bbox 112 1954 298 2008; x_wconf 76' lang='lat' dir='ltr'>licebat,</span> <span class='ocrx_word' id='word_1_136' title='bbox 349 1962 397 1999; x_wconf 88' lang='lat' dir='ltr'>et.</span> <span class='ocrx_word' id='word_1_137' title='bbox 431 1954 491 1999; x_wconf 88' lang='lat' dir='ltr'>ad</span> <span class='ocrx_word' id='word_1_138' title='bbox 527 1962 763 2013; x_wconf 84' lang='lat' dir='ltr'>tempora,</span> <span class='ocrx_word' id='word_1_139' title='bbox 798 1966 991 2012; x_wconf 84' lang='lat' dir='ltr'>magnae</span> <span class='ocrx_word' id='word_1_140' title='bbox 1016 1951 1177 1997; x_wconf 84' lang='lat' dir='ltr'>virtuti</span> <span class='ocrx_word' id='word_1_141' title='bbox 1202 1951 1288 1997; x_wconf 83' lang='lat' dir='ltr'>sub</span> <span class='ocrx_word' id='word_1_142' title='bbox 1311 1949 1447 1998; x_wconf 86' lang='lat' dir='ltr'>malis</span> 
     </span>
     <span class='ocr_line' id='line_1_24' title="bbox 109 2014 1446 2081; baseline -0.003 -15"><span class='ocrx_word' id='word_1_143' title='bbox 109 2019 413 2081; x_wconf 86' lang='lat' dir='ltr'>Principibus</span> <span class='ocrx_word' id='word_1_144' title='bbox 435 2018 618 2072; x_wconf 82' lang='lat' dir='ltr'>infesta,</span> <span class='ocrx_word' id='word_1_145' title='bbox 656 2016 880 2070; x_wconf 86' lang='lat' dir='ltr'>referunt,</span> <span class='ocrx_word' id='word_1_146' title='bbox 931 2014 1215 2063; x_wconf 86' lang='lat' dir='ltr'>Frontinum</span> <span class='ocrx_word' id='word_1_147' title='bbox 1255 2018 1303 2063; x_wconf 86' lang='lat' dir='ltr'>in</span> <span class='ocrx_word' id='word_1_148' title='bbox 1344 2016 1446 2063; x_wconf 82' lang='lat' dir='ltr'>Bri-</span> 
     </span>
     <span class='ocr_line' id='line_1_25' title="bbox 111 2080 1448 2144; baseline -0.002 -12"><span class='ocrx_word' id='word_1_149' title='bbox 111 2086 340 2140; x_wconf 80' lang='lat' dir='ltr'>tanniam,</span> <span class='ocrx_word' id='word_1_150' title='bbox 400 2084 559 2130; x_wconf 85' lang='lat' dir='ltr'>medio</span> <span class='ocrx_word' id='word_1_151' title='bbox 597 2080 880 2144; x_wconf 83' lang='lat' dir='ltr'>Vespasiani</span> <span class='ocrx_word' id='word_1_152' title='bbox 926 2080 1207 2144; x_wconf 85' lang='lat' dir='ltr'>Principatu</span> <span class='ocrx_word' id='word_1_153' title='bbox 1250 2083 1448 2129; x_wconf 86' lang='lat' dir='ltr'>missum</span> 
     </span>
     <span class='ocr_line' id='line_1_26' title="bbox 111 2145 1446 2210; baseline -0.003 -12"><span class='ocrx_word' id='word_1_154' title='bbox 111 2152 252 2198; x_wconf 83' lang='lat' dir='ltr'>fuisse</span> <span class='ocrx_word' id='word_1_155' title='bbox 292 2168 386 2197; x_wconf 90' lang='lat' dir='ltr'>non</span> <span class='ocrx_word' id='word_1_156' title='bbox 426 2149 696 2195; x_wconf 85' lang='lat' dir='ltr'>attendunt.</span> <span class='ocrx_word' id='word_1_157' title='bbox 769 2145 960 2193; x_wconf 80' lang='lat' dir='ltr'>Durant</span> <span class='ocrx_word' id='word_1_158' title='bbox 994 2145 1208 2193; x_wconf 87' lang='lat' dir='ltr'>Frontini</span> <span class='ocrx_word' id='word_1_159' title='bbox 1243 2148 1446 2210; x_wconf 80' lang='lat' dir='ltr'>seripta3</span> 
     </span>
     <span class='ocr_line' id='line_1_27' title="bbox 110 2212 1448 2271; baseline -0.004 -7"><span class='ocrx_word' id='word_1_160' title='bbox 110 2219 250 2264; x_wconf 80' lang='lat' dir='ltr'>durat</span> <span class='ocrx_word' id='word_1_161' title='bbox 293 2216 396 2271; x_wconf 84' lang='lat' dir='ltr'>viri,</span> <span class='ocrx_word' id='word_1_162' title='bbox 454 2231 552 2262; x_wconf 86' lang='lat' dir='ltr'>non</span> <span class='ocrx_word' id='word_1_163' title='bbox 598 2213 696 2260; x_wconf 65' lang='lat' dir='ltr'>una</span> <span class='ocrx_word' id='word_1_164' title='bbox 739 2212 881 2259; x_wconf 89' lang='lat' dir='ltr'>laude</span> <span class='ocrx_word' id='word_1_165' title='bbox 927 2213 1143 2268; x_wconf 83' lang='lat' dir='ltr'>celebris,</span> <span class='ocrx_word' id='word_1_166' title='bbox 1201 2214 1448 2268; x_wconf 86' lang='lat' dir='ltr'>memoria,</span> 
     </span>
     <span class='ocr_line' id='line_1_28' title="bbox 113 2278 1446 2346; baseline -0.004 -17"><span class='ocrx_word' id='word_1_167' title='bbox 113 2298 258 2346; x_wconf 90' lang='lat' dir='ltr'>quam</span> <span class='ocrx_word' id='word_1_168' title='bbox 304 2289 525 2329; x_wconf 76' lang='lat' dir='ltr'>extructo</span> <span class='ocrx_word' id='word_1_169' title='bbox 573 2278 871 2326; x_wconf 88' lang='lat' dir='ltr'>monimento</span> <span class='ocrx_word' id='word_1_170' title='bbox 916 2288 1230 2341; x_wconf 86' lang='lat' dir='ltr'>propagatam</span> <span class='ocrx_word' id='word_1_171' title='bbox 1277 2279 1446 2333; x_wconf 83' lang='lat' dir='ltr'>noluit,</span> 
     </span>
     <span class='ocr_line' id='line_1_29' title="bbox 114 2349 1448 2395; baseline -0.004 0"><span class='ocrx_word' id='word_1_172' title='bbox 114 2349 359 2395; x_wconf 82' lang='lat' dir='ltr'>dictitans:</span> <span class='ocrx_word' id='word_1_173' title='bbox 433 2355 669 2392; x_wconf 77' lang='lat' dir='ltr'><strong>IMPENSA</strong></span> <span class='ocrx_word' id='word_1_174' title='bbox 717 2353 1047 2390; x_wconf 84' lang='lat' dir='ltr'>MONIMENTI</span> <span class='ocrx_word' id='word_1_175' title='bbox 1101 2355 1448 2390; x_wconf 74' lang='lat' dir='ltr'>SVPERVACVA</span> 
     </span>
     <span class='ocr_line' id='line_1_30' title="bbox 115 2420 1449 2470; baseline -0.004 -9"><span class='ocrx_word' id='word_1_176' title='bbox 115 2425 242 2470; x_wconf 81' lang='lat' dir='ltr'>EST3</span> <span class='ocrx_word' id='word_1_177' title='bbox 314 2422 568 2459; x_wconf 88' lang='lat' dir='ltr'>MEMORIA</span> <span class='ocrx_word' id='word_1_178' title='bbox 622 2420 827 2457; x_wconf 87' lang='lat' dir='ltr'>NOSTRI</span> <span class='ocrx_word' id='word_1_179' title='bbox 886 2420 1149 2466; x_wconf 88' lang='lat' dir='ltr'>DVRABIT,</span> <span class='ocrx_word' id='word_1_180' title='bbox 1215 2421 1263 2456; x_wconf 90' lang='lat' dir='ltr'>Sl</span> <span class='ocrx_word' id='word_1_181' title='bbox 1313 2421 1449 2456; x_wconf 87' lang='lat' dir='ltr'><strong>VITA</strong></span> 
     </span>
     <span class='ocr_line' id='line_1_31' title="bbox 119 2475 906 2538; baseline -0.009 -11"><span class='ocrx_word' id='word_1_182' title='bbox 119 2488 418 2527; x_wconf 74' lang='lat' dir='ltr'>Mssavmvs.</span> <span class='ocrx_word' id='word_1_183' title='bbox 454 2477 577 2524; x_wconf 77' lang='lat' dir='ltr'>Plin.</span> <span class='ocrx_word' id='word_1_184' title='bbox 602 2476 692 2524; x_wconf 90' lang='lat' dir='ltr'>IX.</span> <span class='ocrx_word' id='word_1_185' title='bbox 721 2475 810 2538; x_wconf 87' lang='lat' dir='ltr'>Ep.</span> <span class='ocrx_word' id='word_1_186' title='bbox 836 2479 906 2526; x_wconf 81' lang='lat'>19.</span> 
     </span>
    </p>
   </div>
   <div class='ocr_carea' id='block_1_7' title="bbox 111 2603 1453 2742">
    <p class='ocr_par' dir='ltr' id='par_1_7' title="bbox 111 2603 1453 2742">
     <span class='ocr_line' id='line_1_32' title="bbox 180 2603 1453 2672; baseline -0.006 -15"><span class='ocrx_word' id='word_1_187' title='bbox 180 2614 230 2638; x_wconf 80' lang='lat'>¹³¹</span> <span class='ocrx_word' id='word_1_188' title='bbox 269 2610 477 2657; x_wconf 66' lang='lat' dir='ltr'>SIIztrum</span> <span class='ocrx_word' id='word_1_189' title='bbox 508 2606 733 2672; x_wconf 75' lang='lat' dir='ltr'>gentem]</span> <span class='ocrx_word' id='word_1_190' title='bbox 773 2604 851 2652; x_wconf 91' lang='lat' dir='ltr'>De</span> <span class='ocrx_word' id='word_1_191' title='bbox 884 2603 1112 2652; x_wconf 86' lang='lat' dir='ltr'>Siluribus</span> <span class='ocrx_word' id='word_1_192' title='bbox 1138 2605 1243 2668; x_wconf 86' lang='lat' dir='ltr'>jam</span> <span class='ocrx_word' id='word_1_193' title='bbox 1268 2604 1453 2651; x_wconf 83' lang='lat' dir='ltr'>dictum</span> 
     </span>
     <span class='ocr_line' id='line_1_33' title="bbox 111 2680 482 2742; baseline -0.008 -16"><span class='ocrx_word' id='word_1_194' title='bbox 111 2681 253 2742; x_wconf 66' lang='lat' dir='ltr'>supra</span> <span class='ocrx_word' id='word_1_195' title='bbox 281 2693 384 2739; x_wconf 82' lang='lat' dir='ltr'>cap.</span> <span class='ocrx_word' id='word_1_196' title='bbox 414 2680 482 2723; x_wconf 91' lang='lat' dir='ltr'>ll.</span> 
     </span>
    </p>
   </div>
  </div>
 </body>
</html>
