1668 3053
336 282 410 320 AD
444 282 621 321 VITAM
660 281 748 320 CN.
777 283 887 321 JUL.
914 283 1218 321 AGRICOLAE.
1354 276 1444 321 211

114 385 329 433 nondum
351 386 412 433 ad
435 401 572 433 curas
594 386 821 441 intentus,
857 387 940 433 sed
957 386 1130 449 stupris
1146 393 1193 432 et
1211 385 1452 433 adulteriis

114 451 272 499 filium
294 450 530 514 Principis
552 453 741 515 agebat.
779 451 911 498 Hist.
943 468 1056 515 pag.
1076 455 1186 498 222.
1227 451 1321 498 Ed.

177 599 212 627 ⁴¹
246 595 516 658 Delectus.]
557 595 746 644 Gallice
772 596 895 644 lecke
919 597 975 643 de
1000 604 1201 657 troupes.

179 741 215 772 4²²
259 740 306 788 V
303 741 497 787 icesz'mae
522 741 728 805 legioni]
767 740 1013 788 Vicesima
1043 742 1170 804 legio
1205 742 1378 790 victrix
1404 744 1453 791 in

116 805 366 853 Britannis
401 806 525 854 inter
557 806 818 854 Cornavios
853 810 1238 854 commorabatur
1276 807 1449 865 Devae,

116 888 247 919 nunc
272 871 480 919 Clzester.
554 872 615 919 In
642 872 889 919 Itinerario
912 873 1168 929 Antonini,
1205 889 1317 936 pag.
1340 873 1451 926 469.

118 947 264 984 DEVA
299 947 819 992 LEG.XX.V1CTR1X‚
869 938 918 984 id
953 946 1040 994 est,
1079 940 1198 1002 legio
1233 941 1456 987 vicesima

118 1003 308 1051 victrix.
383 1003 459 1049 lbi
484 1003 640 1050 adhuc
664 1004 869 1064 plurima
887 1015 1139 1066 supersunt
1158 1004 1456 1067 antiquitatis

117 1068 301 1116 rudera.
387 1066 514 1116 Vide
568 1069 808 1116 eruditum
864 1067 1099 1127 Camden,
1171 1070 1455 1128 Britannia,

123 1150 236 1198 pag.
261 1136 373 1180 538.

183 1282 220 1312 4³
263 1278 423 1328 Tarda
461 1282 526 1328 ad
560 1282 948 1346 sacramentum]
1021 1281 1147 1330 Cum
1187 1281 1460 1332 Vitellianis

118 1346 263 1402 victa,
300 1347 432 1394 tarde
450 1348 511 1394 ad
526 1356 878 1395 sacramentum
895 1357 1154 1413 partesque
1175 1346 1461 1412 Vespasiani

121 1421 414 1476 transgressa
437 1421 521 1460 est.

187 1564 226 1594 4'*
257 1559 526 1624 Decessor.]
588 1558 788 1608 Roscius
825 1559 1023 1617 Caelius,
1077 1562 1136 1608 de
1177 1577 1276 1624 quo
1314 1566 1458 1626 supra

119 1625 307 1675 Histql.
334 1626 411 1674 60.
483 1625 694 1673 Praeerat
736 1625 1005 1675 Trebellius
1044 1625 1315 1683 Maximus,
1373 1645 1460 1691 per

120 1694 368 1742 avaritiam
396 1702 445 1740 et
473 1692 632 1739 sordes
662 1702 969 1756 contemptus
998 1694 1232 1740 exercitui
1262 1694 1460 1742 invisus-

121 1774 230 1821 que.
301 1759 621 1806 Accendebat
656 1759 819 1805 odium
866 1760 968 1820 ejus
1014 1757 1215 1806 Roscius
1260 1759 1460 1816 Caelius,

119 1825 304 1887 legatus
338 1825 581 1873 vicesimae
616 1824 834 1886 legionis,
871 1825 987 1872 olim
1020 1825 1218 1880 discorS‚
1256 1825 1341 1872 sed
1380 1842 1462 1872 oc-

120 1892 313 1938 casione
356 1890 569 1939 civilium
608 1905 850 1937 armorum
902 1891 1110 1937 atrocius
1161 1901 1456 1953 proruperat.

126 1955 253 2005 Hist.
280 1973 391 2019 pag.
411 1960 490 2003 50,
528 1955 621 2003 Ed.

185 2089 223 2118 4⁵
256 2088 457 2151 Legatis
503 2103 681 2149 quoque
725 2086 1087 2151 consularibus]
1152 2085 1269 2134 Non
1317 2089 1462 2136 modo

120 2152 363 2202 Trebellio
390 2151 616 2200 Maximo
651 2163 699 2201 et
721 2151 889 2200 Vettio
914 2151 1114 2208 Bolano,
1150 2154 1321 2215 legatis
1347 2170 1462 2202 con-

123 2220 372 2275 sularibUS,
416 2221 498 2283 qui
527 2219 755 2266 universis
799 2219 849 2264 in
896 2217 1144 2266 Britannia
1195 2219 1466 2283 legionibus

123 2294 380 2346 praeerant,
439 2285 588 2330 nimia
633 2302 689 2332 ac
735 2285 1041 2332 formidolosa
1079 2285 1190 2331 fuit:
1253 2286 1335 2331 sed
1371 2300 1463 2332 nec

123 2348 323 2399 Roscius
333 2350 529 2405 Caelius,
547 2351 733 2412 legatus
747 2351 1000 2413 praetorius
1010 2351 1211 2412 hujusce
1222 2352 1462 2398 vicesimae

124 2416 343 2478 legionis,
402 2416 463 2462 ad
502 2432 608 2462 eam
652 2417 971 2463 cohibendam
1016 2425 1202 2478 potens.
1291 2417 1466 2479 Itaque

98 2539 100 2542 y
129 2482 364 2544 Agricola
394 2497 639 2530 successor
662 2481 801 2529 simul
825 2490 873 2528 et
895 2483 1020 2529 ultor
1043 2482 1224 2529 electus
1248 2491 1333 2529 est.

195 2614 234 2646 ⁴⁵
267 2615 593 2665 Formidolosa
633 2614 781 2678 erat]
840 2613 1121 2678 Superbiam
1158 2615 1271 2662 sane
1310 2614 1353 2660 ei
1395 2613 1465 2660 in-

132 2680 354 2731 diderunt
398 2682 592 2745 egregia
635 2681 737 2744 ejus
783 2680 923 2728 facta.
1017 2679 1096 2727 De
1141 2681 1231 2728 hac
1276 2679 1466 2742 legione

757 2765 850 2808 ΡΞ
