1668 3053
280 208 352 244 AD
377 206 478 243 LIB.
499 205 572 242 DE
597 205 837 243 MORIBUS
863 204 1263 245 GERMANORUM.
1367 198 1428 244 83

115 318 197 356 aut
216 307 460 363 Teutates,
496 306 745 356 Gallorum
769 305 1188 370 Hispanorumque
1222 307 1353 354 c‘ultu
1383 315 1431 354 et

115 374 238 420 fama
253 374 600 428 celeberrimus,
626 374 673 419 id
687 382 756 420 est
769 389 852 419 rex
868 375 1058 419 herosve
1074 371 1429 435 Celto-Scytha,

115 440 197 500 qui
243 455 466 501 magnam
519 439 654 485 Asiae
703 448 752 485 et
803 438 1010 499 Europae
1052 445 1238 498 partem
1291 438 1432 485 armis

114 504 436 565 occupaverit,
465 504 806 566 hominumque
820 520 973 550 mores
984 502 1271 558 formaverit,
1289 503 1433 549 variis

115 569 321 631 agitatur
363 569 776 631 disputationibus,
833 585 948 630 quas
984 583 1082 614 non
1108 570 1191 613 ‘est
1229 567 1431 615 instituti

115 634 258 679 nostri
286 634 430 680 fusius
465 634 696 706 persequi.
786 633 1065 680 Monuerim
1100 633 1287 679 tantum
1327 648 1430 679 eru-

114 697 265 744 ditum
300 697 568 745 Scheidium
608 700 657 744 in
702 699 981 761 praefatione
1019 697 1078 743 ad
1115 698 1288 745 librum
1325 697 1427 744 Jolz

120 761 314 826 Georgii
356 763 566 810 Eccardz
604 764 659 810 de
691 765 871 826 origine
912 762 1266 819 Germanorum,
1317 779 1428 825 pag.

113 825 315 874 XXIII.
354 845 440 890 pro
464 829 726 876 Tuistonem
743 838 924 875 tentare
952 827 1218 882 leiudon55
1255 837 1431 875 totum·

114 908 207 954 que
246 894 374 940 hunc
412 894 587 949 locum,
641 894 783 957 quem
820 895 1128 955 depravatum
1167 902 1323 967 putat,
1365 894 1433 940 ita

113 960 385 1005 emendare:
443 958 690 1006 Celebrant
723 959 1003 1006 carminibus
1039 960 1244 1020 antiquis
1286 958 1333 1005 T
1330 959 1430 1004 lim·

113 1023 227 1069 dans
231 1025 313 1097 ·(id
327 1034 397 1071 est
411 1024 563 1070 Deum
569 1026 602 1084 ,)
622 1033 667 1070 et
681 1024 810 1070 terrd
825 1024 998 1070 editum
1000 1024 1424 1079 filiumMannum,

112 1090 336 1150 origenem
366 1090 521 1162 gentis
561 1090 916 1167 conditoresque.
990 1089 1060 1134 At
1084 1090 1132 1134 id
1167 1106 1195 1135 a
1216 1098 1428 1136 veterum

111 1153 336 1200 librorum
360 1155 591 1216 scriptura
614 1154 754 1202 nimis
781 1155 973 1203 recedit.

178 1284 211 1309 ¹³
249 1283 448 1332 Quidam
481 1284 674 1347 autem]
714 1283 848 1331 Duas
881 1284 1005 1331 inter
1038 1285 1139 1332 illas
1175 1286 1428 1332 sententias

107 1349 313 1396 mediam
341 1349 551 1410 protulit,
601 1358 649 1396 et
679 1350 890 1412 quinque
925 1350 1140 1412 gentium
1178 1352 1337 1411 capita
1359 1367 1429 1398 re·

111 1423 272 1462 censet
300 1414 479 1461 Plinius
498 1413 584 1461 IV.
618 1416 688 1461 14.
732 1413 1071 1462 Germanorum
1096 1432 1271 1478 genera
1297 1417 1427 1477 quin-

112 1495 211 1540 que.
279 1479 473 1533 Vindili,
499 1496 688 1540 quorum
699 1493 817 1540 pars
834 1481 1208 1543 BurgundioneS,
1241 1480 1427 1535 Varini,

117 1544 302 1600 Carini,
366 1543 604 1592 Guttones.
695 1547 908 1592 Alterum
956 1562 1101 1608 genus
1144 1546 1428 1608 Ingcevones,

111 1626 302 1671 quorum
339 1611 456 1670 pars
504 1610 699 1666 Cimbri,
761 1612 972 1666 Teutoni,
1031 1627 1086 1657 ac
1136 1610 1429 1658 Chaucorum

106 1683 278 1737 gentes.
338 1676 718 1722 Proximiautem
737 1675 911 1732 Rheno,
938 1677 1198 1729 Ῑςΐιευοηες,
1235 1692 1428 1737 quorum

103 1755 220 1800 pars
263 1741 444 1789 Cimbri
474 1741 832 1788 Mediterranei.
903 1742 1199 1795 Hermiones,
1236 1757 1429 1802 quorum

111 1804 264 1862 Suevi,
322 1806 666 1862 Hermunduri,
729 1805 878 1863 Catti,
943 1807 1178 1854 Cherusci.
1253 1806 1428 1854 Quinta

102 1882 221 1930 pars
250 1872 461 1927 Peuci‘,m
515 1872 774 1927 Basternae,
823 1869 965 1933 supr&
997 1872 1133 1918 dictis
1160 1873 1433 1918 contermini

109 1935 272 1983 Dacis.
358 1935 436 1982 De
481 1937 676 2000 singulis
719 1938 849 1984 hisce
888 1937 1077 2000 populis
1114 1937 1428 1998 opportunius

110 2001 204 2048 suis
221 2001 337 2050 loeis
353 2002 552 2048 dicetur.

176 2132 210 2158 ¹⁹
237 2131 567 2194 Gambrivios]
593 2133 687 2179 Eos
701 2149 822 2179 unus
837 2131 1052 2187 Tacitus,
1073 2140 1121 2178 et
1136 2132 1227 2185 hoc
1242 2133 1431 2180 tantum

109 2196 235 2251 loco,
289 2207 536 2244 memorat.
617 2196 810 2260 Nempe
857 2196 1137 2247 Marsorum.
1182 2205 1229 2245 et
1281 2196 1428 2244 Gain-

109 2260 366 2310 briviorum
389 2263 470 2309 diu
492 2263 686 2309 nomina
714 2265 909 2327 periere.

176 2391 213 2416 ²⁰
257 2390 547 2456 Vandalios]
587 2392 738 2440 Iidem
763 2401 886 2448 sunt,
923 2409 1041 2456 quos
1074 2391 1254 2439 Plinius
1289 2407 1430 2453 supra

114 2455 192 2501 cit.
257 2456 463 2505 Vindzlos
499 2459 718 2520 appellat.
787 2457 1027 2514 Vandalii,
1086 2474 1167 2504 seu
1207 2454 1430 2511 Vandali,

114 2518 336 2576 Galliam,
375 2521 677 2597 Hispaniam,
713 2523 944 2579 Afiicam,
982 2523 1171 2569 Italiam
1199 2531 1429 2578 terruere3

114 2593 163 2630 at
184 2587 415 2634 tandem
403 2605 454 2635 m
475 2589 641 2637 Africa
661 2588 808 2648 excisi
832 2598 953 2636 sunt.
1024 2585 1192 2639 Unum
1224 2595 1432 2650 superest

114 2648 367 2699 Suevorum
392 2669 579 2702 nomen.

739 2739 826 2782 G2
