1668 3053
192 169 257 211 50
585 179 630 216 C.
652 180 909 216 CORNELII
935 180 1125 217 TAC1T1

258 276 402 324 XVI.
441 278 532 326 His
588 290 730 343 atque
785 283 957 329 talibus
1013 282 1216 329 invicem
1281 280 1508 338 instincti,

194 358 521 415 Boudieefnffl
564 364 748 423 generis
784 363 900 424 regii
940 362 1132 416 femina,
1174 363 1296 409 duce
1337 364 1512 425 (neque

193 442 322 487 enim
363 459 529 488 sexum
576 443 625 487 in
676 444 883 506 imperiis
923 444 1213 505 discernunt)
1273 460 1513 506 sumpsere

194 523 396 570 universi
433 524 633 569 bellum:
693 539 749 570 ac
787 540 969 586 sparsos
1006 540 1090 585 per
1127 524 1317 570 castella
1343 524 1514 571 milites

195 610 473 664 consectati,
490 609 775 671 expugnatis
789 608 1039 671 praesidiis,
1056 609 1206 671 ipsam
1223 609 1515 656 coloniam¹²¹

194 692 426 745 invasere,
445 699 497 736 ut
514 691 672 737 sedem
687 691 943 738 servitutis:
971 707 1060 737 nec
1079 692 1225 737 ullum
1241 691 1291 737 in
1307 692 1517 738 barbaris

194 773 392 819 saevitiae
417 788 567 834 genus
591 773 748 819 omisit
771 773 839 818 ira
877 781 925 818 et
962 772 1172 819 victoria.
1244 771 1390 821 Quod
1427 772 1515 819 nisi

193 853 450 908 Paullinus,
489 852 681 914 cognito
705 853 966 914 provinciae
990 862 1139 908 motu,
1176 854 1378 915 propere
1407 855 1515 901 sub-

193 936 412 991 venisset,
471 935 642 981 amissa
688 935 934 982 Britannia
977 936 1117 982 foret:
1186 951 1330 998 quam
1378 936 1518 986 unius

196 1016 348 1079 proelii
363 1015 549 1061 fortuna
567 1016 712 1061 veteri
730 1015 975 1077 patientiae
992 1015 1210 1069 restituit,
1244 1016 1518 1063 tenentibus

196 1117 326 1146 arma
356 1098 610 1161 plerisque,
660 1115 778 1161 quos
810 1100 1104 1146 conscientia
1142 1099 1436 1155 defectionis,
1471 1108 1520 1147 et

196 1183 388 1246 propius
433 1197 495 1227 ex
538 1181 697 1243 legato
746 1183 887 1229 timor
943 1183 1167 1244 agitabat.
1262 1180 1361 1227 Hic
1408 1183 1519 1232 cum

196 1265 412 1329 egregius
436 1274 608 1320 cetera,
645 1275 916 1328 arroganter
940 1266 989 1312 in
1011 1266 1211 1321 deditos,
1247 1273 1312 1321 et,
1347 1273 1402 1312 ut
1419 1274 1523 1313 suae'

195 1368 387 1414 quoque
425 1351 613 1411 injuriae
654 1351 793 1406 ultor,
831 1352 992 1398 durius
1029 1351 1317 1406 consuleret3
1353 1350 1525 1397 missus

193 1433 442 1480 Petronius
482 1430 864 1493 Turpilianus‚¹22
919 1441 1163 1495 tamquam
1209 1432 1516 1478 exorabilior:

195 1522 243 1561 et
287 1513 470 1560 delictis
513 1513 723 1560 hostium
776 1531 942 1570 novus,
1001 1515 1152 1576 eoque
1190 1513 1518 1576 *paenitentiae

194 1598 369 1653 mitior,
423 1596 697 1658 compositis
741 1598 992 1660 prioribus,
1044 1598 1161 1644 nihil
1195 1598 1320 1644 ultra
1362 1613 1520 1652 ausus,

196 1678 435 1727 Trebellio
470 1676 751 1725 ῙΝΙειΧίῃΊοῙ23
790 1679 1088 1741 provinciam
1128 1678 1335 1726 tradidit.
1406 1676 1522 1725 Tre-

197 1762 367 1808 bellius
404 1761 592 1823 segnior
627 1767 675 1806 et
712 1760 849 1806 nullis
888 1768 1145 1808 castrorum
1171 1759 1523 1821 experimentis,

199 1842 423 1889 comitate
480 1842 687 1904 quadam
745 1841 943 1887 curandi
998 1842 1294 1903 provinciam
1349 1841 1520 1887 tenuit.

197 1923 427 1971 Didicere
464 1924 569 1985 jam
616 1923 803 1970 barbari
849 1939 1041 1985 quoque
1096 1923 1343 1985 ignoscere
1399 1921 1524 1969 vitiis

196 2005 572 2052 blandientibus:
623 2013 670 2052 et
711 2006 1000 2052 interventus
1037 2006 1248 2052 civilium
1287 2020 1525 2052 armorum

196 2089 405 2150 praebuit
433 2088 614 2150 justam
651 2089 870 2150 segnitiae
902 2087 1285 2135 excusationem:
1324 2086 1404 2133 sed
1433 2085 1525 2132 dis·

198 2170 359 2216 cordi-52
396 2169 680 2224 laboratum,
702 2170 842 2232 vcum
883 2171 1105 2217 adsuetus
1141 2167 1529 2232 expeditionibus

198 2253 337 2299 miles·
357 2253 454 2299 otio
482 2253 728 2300 lasciviret.
799 2252 1080 2309 Trebellius,
1117 2253 1231 2315 fuga
1254 2268 1311 2299 ac
1335 2250 1527 2298 latebris

203 2335 345 2381 vitata
389 2335 624 2381 exercitus
667 2336 750 2390 ira,
824 2337 1075 2384 indecorus
1101 2345 1270 2398 »atque
1317 2334 1525 2389 humilis,

199 2418 413 2479 precario
431 2434 544 2463 mox
567 2417 781 2479 praefuit:
820 2434 876 2464 ac
899 2419 1026 2465 velut
1049 2418 1256 2481 pacti,¹24
1289 2415 1525 2464 exercitus

201 2500 457 2553 licentiam,
494 2499 593 2547 dux
618 2499 839 2546 salutem:
866 2501 976 2547 haec
995 2500 1162 2547 seditio
1179 2499 1279 2545 sine
1295 2497 1526 2560 sanguine

199 2582 340 2630 stetit.
414 2579 519 2629 Nec
556 2580 745 2630 Vettius
776 2581 1000 2639 Bolanus,
1036 2582 1338 2630 manentibus
1361 2579 1524 2628 adhuc
