1668 3053
260 199 331 237 AD
367 198 467 237 ΜΒ.
493 199 565 235 DE
601 199 837 236 Momsscs
874 194 1270 237 GERMANORUM.
1332 185 1418 235 103

116 300 229 346 solo's
263 301 451 356 ducunt,
504 316 614 361 quos
658 308 870 356 cernunt,
927 309 974 346 et
1025 315 1216 361 quorum
1268 300 1425 359 opibus

119 362 279 423 apert&
292 367 539 423 jurantur,
576 364 725 411 Solem
761 373 808 411 et
848 366 1098 411 Vulcanum
1140 372 1186 409 et
1209 363 1390 409 Lunam
1406 370 1427 408 :1

119 430 319 490 relz‘quos
341 446 396 476 ne
414 428 556 488 fanni
592 430 773 490 quictem
812 437 1102 487 acceperunt.
1169 427 1425 488 Distingue

115 502 350 554 tempora,
382 504 428 541 et
446 509 626 541 summa
640 495 725 541 erit
741 493 780 538 C
786 511 979 540 aesarem
993 495 1114 539 inter
1129 508 1184 538 ac
1200 490 1427 537 Tacitum

117 560 373 605 consensio.
443 557 646 605 Caesaris
687 568 826 604 aetate
862 575 984 612 suos,
1022 568 1067 605 et
1102 557 1308 603 barbaris
1331 557 1424 602 fere

113 623 331 669 omnibus
349 622 611 677 familiareS,
646 624 758 669 deos
782 624 987 669 habuere
1012 619 1421 675 GermaniSolern,

115 685 297 733 Lunam
321 697 366 734 et
388 686 676 743 Vulcanum,
711 688 761 734 id
789 696 856 734 est
889 688 1064 748 ignem,
1102 699 1242 747 quem
1273 686 1366 731 sive
1396 702 1423 731 e

113 751 242 797 silice
264 752 503 806 elicerent,
540 752 634 798 sive
651 753 941 798 velocissimo
965 753 1162 797 duomm
1187 751 1423 810 lignorum

112 814 316 868 afflictu,
352 825 406 863 ut
427 816 780 863 Canadensibus
807 817 1014 862 barbaris
1037 817 1192 862 adhuc
1215 831 1316 859 mos
1335 828 1420 869 est,

113 880 390 935 excitarent,
440 883 535 928 sive
567 881 740 927 calidas
776 897 938 942 aquas,
996 897 1105 941 quae
1144 880 1193 924 in
1232 880 1425 940 regione

110 953 381 999 occurrunt,
394 953 677 1008 spectarent,
690 946 784 991 sive
799 946 919 990 inter
931 946 1135 991 tonitrua
1152 943 1423 991 stridentem

111 1009 341 1063 audirent,
393 1010 611 1057 admirari
655 1011 829 1071 pariter
867 1025 922 1055 ac
953 1010 1174 1055 'venerari
1215 1023 1418 1069 coepere.

110 1068 280 1119 Postea
314 1073 560 1121 Gallorum
596 1082 644 1121 et
666 1072 986 1120 Romanorum
1012 1082 1252 1126 contactu,
1289 1072 1421 1119 §Ier—

113 1137 316 1191 curium,
354 1137 630 1194 Herculem,
681 1137 893 1185 Martem
935 1154 1174 1198 accepere.
1246 1137 1427 1198 Eorum

110 1201 262 1249 cultus
279 1212 420 1250 aetate
433 1200 589 1251 Taciti
604 1203 809 1264 vigebat.
880 1202 1003 1248 Cum
1018 1218 1101 1264 per
1117 1203 1424 1248 Germaniam

109 1264 196 1310 iter
217 1266 419 1314 facerem
442 1268 644 1329 plurima
668 1267 881 1329 Neptuni
909 1277 1215 1313 monumenta
1246 1268 1419 1327 reperi:

107 1329 196 1374 alia
212 1330 409 1378 aliorum
424 1333 617 1379 deorum
630 1340 901 1380 occurrunt.
938 1331 1142 1386 Scilicet,
1158 1331 1424 1377 labentibus

108 1395 258 1449 annis,
295 1395 567 1458 Neptunus,
605 1405 857 1458 ceteraque
896 1397 1091 1443 deorum
1130 1406 1331 1450 caterva,
1374 1397 1424 1440 in

109 1456 415 1507 Germaniam
431 1463 612 1508 venere.

169 1589 207 1613 ⁷⁵
239 1589 578 1652 Aser-curium]
638 1589 816 1636 Eadem
858 1607 968 1636 sane
1013 1590 1099 1636 fuit
1139 1589 1265 1649 apud
1303 1586 1424 1636 Ger·

106 1668 287 1707 manos,
325 1656 469 1715 qnam
486 1654 612 1715 apud
628 1654 806 1707 Galim,
844 1654 1076 1701 hlercurii
1093 1654 1246 1699 cultus
1263 1669 1417 1700 causa.

108 1715 185 1761 De
201 1716 350 1764 Gallis
365 1717 518 1764 Julius
537 1718 712 1766 Caesar.
742 1717 857 1765 Bell.
887 1718 1010 1766 Gall.
1037 1716 1124 1763 Vl.
1157 1720 1228 1767 17.
1266 1719 1422 1764 Deum

106 1780 303 1828 maxim}
347 1783 643 1829 Blercurz‘um
691 1784 863 1838 colunt,
914 1785 1048 1842 hujus
1078 1790 1185 1828 sunt
1213 1782 1424 1840 plurima

104 1846 187 1889 sim
195 1847 355 1892 ulnera
359 1868 376 1899 ;
404 1847 522 1893 hunc
536 1850 734 1893 omnium
749 1849 1026 1894 inventorem
1044 1847 1392 1903 artiumferunt
1403 1869 1422 1901 ,-

106 1910 224 1956 hunc
254 1911 438 1956 viarum
492 1919 632 1972 atque
683 1913 901 1958 itinerum
949 1913 1104 1959 ducem
1117 1933 1137 1966 ,·
1200 1910 1318 1956 hunc
1364 1912 1427 1957 ad

107 1982 305 2033 quaestus
341 1977 552 2033 pecum'ae
585 1985 967 2038 mercaturasque
989 1977 1157 2023 habere
1179 1977 1270 2021 vim
1296 1993 1423 2022 mas-

108 2039 246 2083 imam
289 2041 600 2086 arbitrantur.
685 2041 804 2088 Inde
848 2042 956 2088 cum
993 2043 1105 2088 olim
1149 2042 1197 2086 in
1235 2041 1424 2088 civitate

107 2102 342 2164 Aquensi,
380 2120 506 2150 nunc
527 2106 708 2160 Baden,
747 2107 1093 2154 celebrarentur
1121 2108 1421 2166 commercia,

105 2175 254 2227 atque
277 2169 369 2213 hac
406 2168 494 2214 iter
524 2178 645 2217 esset
681 2173 730 2216 in
763 2170 1024 2226 Helvetios,
1071 2171 1319 2232 praecipua
1358 2171 1422 2216 ibi

106 2230 193 2276 fuit
231 2230 467 2278 Mercurii
505 2236 743 2281 veneratio
779 2236 829 2281 in
860 2244 1024 2283 monte
1046 2235 1251 2296 lucoque
1274 2251 1424 2296 prope

108 2295 286 2342 Baden.
326 2295 485 2344 Quem
500 2299 660 2345 locum
677 2300 787 2346 cum
804 2300 1018 2355 adissem,
1039 2308 1091 2345 ut
1107 2300 1172 2346 ibi
1190 2297 1423 2346 Mercurii

106 2370 467 2407 monumentum
491 2363 791 2424 inspicerem,
816 2365 964 2426 reperi
979 2373 1184 2410 veterem
1201 2364 1422 2425 lapidem,

110 2439 250 2483 quem
265 2425 472 2471 votivum
487 2426 628 2474 fuisse
641 2437 775 2489 puto,
789 2430 865 2474 cui
888 2430 1015 2477 rudis
1032 2427 1424 2490 imagoNIercurii

109 2488 368 2550 insculpta3
406 2491 721 2555 undequaque
740 2493 975 2555 longeque
998 2494 1182 2556 disjecti
1210 2495 1424 2556 ingentes
