1668 3053
632 182 912 219 AGRICOLA.
1373 175 1432 223 73

125 286 272 334 laudis
308 285 553 338 excedere,
607 288 700 345 quo
729 279 940 345 plerique
975 299 1059 344 per
1089 284 1303 343 abrupta,
1352 282 1433 327 sed

124 369 172 414 in
226 368 403 413 nullum
452 366 726 427 reipublicae
767 381 921 419 usum,
986 364 1230 410 ambitiosa
1282 374 1432 410 morte

82 484 99 504 2
125 449 457 496 inclaruerunt.

185 611 376 658 XLIII.
415 610 542 656 Finis
561 611 672 656 vitae
699 610 798 671 ejus
821 610 955 656 nobis
979 611 1233 664 luctuosus,
1270 611 1432 657 amicis

120 692 276 746 tristis,
314 692 546 738 extraneis
570 693 709 737 etiam
735 692 1057 752 ignotisq11e²S⁹
1082 707 1175 736 non
1199 691 1296 736 sine
1321 693 1431 737 cura

122 772 222 817 fuit.
273 771 456 833 Vulgus
472 787 678 833 quoque,
704 772 843 817 ethic
860 771 985 816 aliud
1001 788 1144 832 agens
1157 772 1433 832 populus,²⁹⁰

122 861 169 899 et
191 854 473 899 ventitavere
496 854 554 898 ad
574 854 783 907 domum,
820 861 865 898 et
899 869 980 913 per
1014 852 1127 906 fora,
1164 861 1209 897 et
1237 852 1434 899 circulos

123 934 269 979 locuti
287 943 415 980 sunt:
442 949 529 979 nec
546 935 810 995 quisquam,
831 933 987 979 audita
1005 943 1154 979 morte
1170 934 1431 995 Agricolae,

122 1024 201 1061 aut
225 1016 410 1061 laetatus
433 1024 518 1069 est,
555 1024 635 1061 aut
659 1016 814 1061 statim
850 1016 1021 1061 oblitus
1055 1024 1138 1061 est.
1208 1015 1434 1076 Augebat

118 1098 464 1143 miserationem
506 1105 724 1143 constans
773 1113 944 1150 rumor,
1006 1103 1036 1122 “
1074 1113 1252 1143 veneno
1292 1097 1431 1142 inter-

415 1178 424 1195 ἱ

121 1184 154 1205 “
182 1177 406 1239 ceptum.’
514 1176 665 1222 Nobis
721 1176 837 1221 nihil
897 1177 1125 1237 comperti
1185 1176 1433 1223 adfirmare

119 1258 348 1303 ausimz²⁹¹
386 1258 594 1303 ceterum
624 1272 709 1317 per
744 1273 932 1303 omnem
970 1258 1283 1304 valetudinem
1315 1260 1430 1320 ejus,

121 1340 342 1393 crebrius,
379 1342 523 1400 quam
554 1355 613 1384 ex
644 1354 773 1384 more
796 1338 1088 1399 principatus
1126 1356 1210 1400 per
1245 1340 1433 1385 nuntios

118 1419 324 1473 visentis,
361 1420 695 1465 etlibertorum
718 1419 874 1479 primi,
912 1428 957 1464 et
973 1419 1264 1465 medicorum
1280 1419 1432 1464 intimi

118 1501 308 1545 tenere:
379 1501 473 1545 sive
535 1515 646 1545 cura
705 1499 834 1553 illud,
904 1499 998 1544 sive
1049 1500 1273 1560 inqusitio
1317 1507 1429 1545 erat.

119 1578 346 1640 Supremo
390 1581 579 1642 quidem
624 1580 715 1634 die,
772 1589 1011 1625 momenta
1054 1579 1318 1626 deficientis
1350 1597 1434 1642 per

120 1664 366 1725 dispositos
428 1681 636 1711 cursores
696 1665 911 1710 nuntiata
972 1666 1234 1718 constabat,
1305 1665 1433 1710 nullo

119 1745 356 1799 credente,
426 1746 493 1791 sic
545 1746 811 1800 accelerari,
882 1763 990 1808 quae
1046 1746 1188 1791 tristis
1235 1747 1430 1792 audiret.

114 1825 331 1887 Speciem
375 1835 534 1872 tamen
576 1827 746 1872 doloris
793 1826 949 1872 animo
986 1826 1210 1887 vultuque
1249 1843 1348 1887 prae
1386 1843 1434 1873 se

118 1907 241 1960 tulit,
278 1921 466 1952 securus
480 1902 584 1967 jam
608 1906 719 1960 odii,
757 1914 803 1951 et
822 1906 900 1967 qui
927 1906 1107 1951 facilius
1125 1907 1436 1954 dissimularet

118 1985 362 2047 gaudium,
399 1988 542 2046 quam
577 1996 773 2032 metum.
843 1986 961 2032 Satis
1000 1988 1262 2041 constabat,
1309 1988 1434 2034 lecto

118 2073 400 2110 testamento
453 2065 714 2125 Agricolae,
784 2081 878 2126 quo
918 2066 1195 2110 coheredem
1237 2067 1433 2128 optimae

116 2148 254 2192 uxori
299 2156 345 2192 et
390 2147 613 2207 piissimae
674 2147 786 2193 filiae
849 2146 1178 2194 Domitianum
1232 2150 1432 2210 scripsit,

118 2228 333 2276 laetatum
351 2244 477 2282 eum,
514 2228 637 2273 velut
657 2230 833 2275 honore
844 2229 1148 2291 judicioque:
1185 2238 1280 2275 tam
1302 2246 1436 2279 caeca

119 2319 166 2356 et
203 2319 424 2371 corrupta
453 2326 585 2356 mens
621 2311 815 2356 assiduis
852 2312 1196 2358 adulationibus
1232 2320 1346 2366 erat,
1381 2321 1434 2359 ut

121 2395 320 2441 nesciret
359 2411 386 2439 a
424 2394 549 2440 bono
584 2403 716 2456 patre
755 2412 848 2442 non
884 2395 1024 2442 scribi
1061 2396 1297 2451 heredem,
1346 2396 1433 2444 nisi

120 2476 295 2527 malum
311 2475 590 2538 principem.
