1668 3053
234 146 319 191 128
516 154 676 192 NOTAE
712 155 782 192 ET
807 157 1236 195 EMENDATloNEs

223 256 269 302 si
294 267 382 314 per
417 255 508 302 vim
545 263 686 316 rapta
725 265 809 313 est,
861 259 1135 317 parentibus
1173 262 1271 318 ejus
1309 266 1536 309 trecentos

222 320 401 376 solidos,
433 320 598 380 puellae
614 331 772 377 CCXL,
797 321 998 369 Gallicae
1013 330 1220 370 monetae
1235 324 1374 371 libras
1387 327 1530 372 3144.

223 393 476 459 componat,
533 403 723 447 eamque
767 389 1043 448 par'entzbus
1090 389 1324 435 7estztuat.
1392 388 1534 437 Plura

223 451 345 505 vide,
395 450 431 497 si
461 451 678 506 voluelis‚
730 451 781 496 in
812 451 941 513 Lege
977 451 1387 514 Burgundionum,
1435 453 1532 500 Tit

223 513 409 562 LXVI.
472 523 519 560 et
556 515 651 562 Tit
684 514 875 562 LXIX
939 517 994 563 de
1037 516 1302 573 lettemon,
1358 514 1406 565 id
1445 526 1532 574 est,

225 579 281 626 de
315 580 454 627 Date
538 579 663 626 Vide
706 597 896 643 quoque
940 581 1118 644 Legem
1163 581 1381 638 salicam,
1436 582 1534 630 Tit

227 642 444 691 XLVII.
483 653 531 690 et
553 645 733 707 Legem
753 619 1102 707 Ripualiorum,
1125 645 1220 692 Tit
1246 645 1527 694 XXXVII.

223 707 337 757 Qua
372 717 531 756 autem
579 727 757 772 pompa
797 727 994 757 uxolem
1045 720 1275 773 peterent,
1337 712 1536 774 intelligi

221 783 380 836 potest
417 789 477 819 ex
508 775 706 836 epistola
749 773 926 822 Sidonii
963 775 1271 838 Apollinaris,
1327 775 1414 823 IV.
1455 781 1531 824 20.

224 837 441 885 Si'donzus
463 840 657 886 Donitzo
685 856 766 886 suo
792 835 1001 886 salutem.
1079 841 1151 888 Tu
1170 857 1243 887 cuz
1240 842 1537 903 frequenter

224 920 282 950 ar
285 919 376 958 ma,
411 910 454 949 et
473 912 723 960 armatum,
758 912 804 950 et
823 914 1026 951 armatos
1049 918 1270 966 znspzcere
1275 907 1535 965 jucundum

222 975 308 1022 est,
345 983 483 1029 quam
520 969 798 1044 zoluptatem
834 979 1052 1030 putamus
1088 978 1238 1017 mente
1263 973 1534 1032 conciperes,

221 1034 267 1078 si
293 1032 605 1096 Sigismerem,
642 1036 820 1098 regium
847 1038 1082 1093 juvenem,
1119 1036 1216 1082 ritu
1245 1044 1384 1097 atque
1410 1037 1537 1084 cultu

219 1099 458 1161 gentilicio
475 1107 711 1154 ornatum,
752 1107 908 1161 utpote
921 1112 1151 1160 sponsum,
1182 1116 1261 1147 seu
1270 1100 1535 1160 petitorem,

215 1165 487 1223 praetorium
519 1165 668 1211 soceri
693 1172 901 1225 expetere
934 1166 1153 1212 vidisses!
1219 1166 1363 1212 Illum
1395 1182 1538 1227 equus

224 1228 408 1288 quidem
434 1228 644 1288 phaleris
679 1237 897 1290 comptus,
936 1232 1070 1277 immo
1105 1231 1215 1292 equi
1241 1231 1538 1278 radiantibus

219 1295 414 1354 gemmis
474 1295 629 1340 onusti
679 1296 1023 1350 antecedebant,
1080 1297 1153 1342 ἰεἰ
1201 1295 1341 1343 etiam
1385 1297 1535 1343 subse-

224 1359 512 1417 quebantur:
561 1356 663 1406 cum
710 1367 865 1407 tamen
911 1361 992 1407 hoc
1035 1362 1186 1424 magis
1222 1361 1287 1408 zbz'
1323 1360 1535 1408 decorum

224 1424 606 1483 conspzwczebatur,
676 1423 800 1485 qubd
846 1427 1212 1485 praecursoribus
1263 1427 1377 1480 suis,
1443 1427 1538 1473 site

216 1488 498 1550 pedisequis,
530 1489 670 1548 pedes
687 1498 732 1536 et
753 1491 846 1550 ipse
862 1491 1038 1537 medius
1068 1491 1268 1545 incessit,
1286 1492 1539 1551 flammeus

224 1569 369 1608 coeca,
419 1554 591 1601 rutilus
609 1571 754 1611 auro,
804 1555 979 1603 lacteus
1015 1557 1174 1603 serico.
1252 1555 1372 1603 Tum
1409 1556 1537 1603 cultu

226 1624 375 1674 tanto,
438 1635 567 1666 coma
611 1620 778 1666 rubore
827 1621 927 1667 cuti
964 1621 1182 1668 concolor.
1251 1618 1537 1684 Regularum

224 1699 402 1745 quoque
421 1685 734 1746 sociorumque
755 1687 1056 1732 comitantum
1066 1686 1234 1743 forma
1269 1692 1315 1731 et
1350 1687 1398 1732 in
1420 1696 1539 1746 pace

225 1750 474 1795 terribilis:
512 1766 704 1810 quorum
713 1749 853 1812 pedes
860 1752 1022 1811 primi,
1051 1763 1164 1813 pero
1183 1766 1221 1797 ze
1235 1756 1395 1805 setoso,
1422 1750 1540 1797 talos

226 1813 433 1874 adusque
474 1815 805 1862 vinciebantur.
881 1815 1065 1870 Genua,
1115 1831 1276 1870 crura,
1331 1830 1540 1876 suraeque

224 1878 324 1924 sine
368 1881 579 1941 tegmine.
648 1880 836 1926 Praeter
877 1879 957 1926 hoc
1000 1881 1140 1926 vestis
1182 1880 1301 1934 alta,
1349 1881 1536 1935 stricta,

225 1944 486 1999 versicolor,
538 1945 614 1990 vix
654 1945 1026 2019 appropinquans
1070 1945 1236 1991 exertis
1269 1945 1536 2005 poplitibus.

225 2007 431 2055 fllanicae
446 2008 540 2055 sola
557 2010 1095 2083 brachiorumprznczpia
1118 2009 1331 2056 velantes.
1410 2008 1473 2055 V
1453 2025 1537 2055 zrz
1571 2030 1576 2036 *

226 2072 389 2118 dantia
411 2090 527 2132 saura
551 2075 700 2120 li‘mbzs
727 2075 999 2138 marcinata
1023 2075 1248 2136 puni'cets,
1281 2073 1472 2135 penduli
1486 2089 1541 2120 ex

226 2138 411 2184 humero
426 2139 579 2201 oladit
594 2140 756 2185 balteis
778 2151 917 2200 super
940 2139 1232 2185 currentibus
1253 2140 1540 2185 strinxerant

225 2203 386 2249 clausa
419 2204 604 2250 bullatis
641 2205 792 2250 latera
822 2204 1108 2250 rhenonibus.
1178 2203 1250 2249 Eo
1278 2219 1365 2264 quo
1394 2218 1536 2250 come-

227 2268 396 2313 bantur
430 2276 596 2315 ornatu
633 2270 973 2323 muniebantur,
1026 2269 1194 2315 lanceis
1227 2269 1421 2322 uncatiS,
1469 2284 1538 2314 se-

224 2333 498 2394 curibusque
547 2334 835 2381 missibilibus
890 2334 1060 2380 dextrae
1106 2333 1309 2391 refertae‚
1372 2332 1540 2394 clypeis

225 2398 372 2443 lezam
419 2407 609 2459 partem
653 2398 1051 2453 adumbrantibus,
1125 2413 1320 2459 quorum
1364 2399 1440 2444 lux
1492 2397 1540 2441 in

223 2462 406 2508 orbibus
444 2479 592 2519 nzzea,
628 2464 774 2522 fulva
816 2466 865 2510 in
917 2464 1199 2517 umbonibus,
1260 2464 1329 2508 tta
1357 2476 1538 2508 sensum

216 2525 460 2590 prodebat,
496 2536 550 2576 ut
565 2528 783 2576 studium.
859 2527 1037 2576 Cuncta
1058 2538 1251 2588 prorsus
1266 2525 1538 2586 hujusmodi,
