1668 3053
237 188 307 224 AD
337 186 436 223 LIB.
466 185 538 222 DE
569 185 806 222 MORIBUS
839 185 1239 223 GERMANORUM.
1333 180 1389 226 81

76 304 220 354 penes
246 305 325 335 eos
343 304 527 350 semper
549 287 710 335 fuisse:
749 286 1035 348 alienigenas
1054 290 1160 332 vero
1178 288 1392 347 precario

74 357 274 410 tantum,
311 360 358 399 et
374 364 426 401 ut
443 353 583 414 vulgo
605 350 842 414 loquimur
857 365 953 411 pat·
976 348 1099 397 droit
1123 349 1391 406 d’aubaine,

83 421 330 468 habitasse.

144 550 176 575 ¹³
210 547 313 596 Nec
330 548 460 594 terrai
472 543 617 606 olim]
669 543 826 592 Immo
842 545 1048 607 primum
1067 544 1202 600 terra,
1224 540 1394 593 deinde

81 614 321 668 classibus,
373 614 454 659 sed
498 613 615 664 sero,
668 620 715 656 et
759 613 870 656 cum
907 619 1028 656 artes
1067 610 1393 668 adolevissent,

80 688 276 725 mutatae
301 679 550 724 hominum
573 675 716 722 sedes.

148 809 181 838 ¹³*
213 805 448 853 Adversus
504 803 752 867 Oceanus]
825 803 957 852 Bene
1013 803 1220 867 quidem.
1291 805 1397 855 Nec

80 872 338 934 antiquitus
377 870 579 925 tantum,
637 869 734 924 sed,
791 871 981 933 vigente
1018 871 1159 917 etiam
1200 873 1400 934 imperio

80 934 312 990 Romano,
339 936 554 983 adversus
578 933 801 982 Oceanus
820 936 930 981 raris
949 935 1146 983 navibus
1163 938 1397 993 adibatur,

80 1003 142 1048 ob
158 1003 381 1063 exiguam
399 1001 463 1047 rei
483 1001 687 1047 nauticae
707 999 970 1046 scientiam.
1042 998 1240 1056 Drusus,
1265 1012 1401 1064 pater

81 1066 268 1113 Claudii
314 1064 631 1128 Imperatoris,
697 1062 927 1110 Oceanum
974 1062 1401 1125 Septemtrionalem

73 1133 256 1192 primus
280 1130 588 1177 Romanorum
614 1127 777 1175 (lucum
801 1131 1055 1192 navigavit,
1090 1128 1279 1178 Sueton.
1351 1133 1400 1180 in

81 1195 250 1242 Claud.
276 1195 315 1241 I.
387 1194 637 1244 Quantum
661 1203 818 1240 autem
842 1193 1139 1250 discriminis,
1176 1197 1401 1243 violenti&

82 1256 284 1315 Oceani,
353 1260 520 1306 adierit
585 1256 916 1313 Germanicus,
984 1257 1186 1307 vidimus
1258 1265 1401 1323 supr&

81 1326 260 1371 Annal.
304 1323 369 1370 11.
418 1329 494 1371 23.
586 1322 745 1369 Primo
784 1322 1025 1386 placidum
1064 1340 1229 1387 aequor
1270 1327 1401 1372 mille

82 1391 272 1437 navium
308 1391 446 1437 remis
482 1397 702 1450 strepere,
760 1397 842 1435 aut
877 1388 990 1435 velis
1025 1389 1226 1451 impelli:
1286 1408 1402 1438 mox

82 1465 182 1502 atro
218 1456 418 1502 nubium
456 1453 600 1517 globo
639 1452 787 1500 effusa
825 1454 1027 1515 grando:
1087 1455 1224 1501 simul
1265 1456 1402 1503 variis

82 1520 293 1581 undique
343 1513 577 1581 procellis,
646 1519 812 1565 incerti
868 1517 1040 1582 fluctus
1093 1531 1401 1581 prospectum

81 1585 305 1639 adimere,
341 1586 553 1647 regimen
581 1584 830 1645 impedire:
869 1583 1096 1645 milesque
1133 1585 1331 1646 pavidus
1354 1595 1404 1633 et

85 1662 282 1696 casuum
313 1651 453 1696 maris
492 1650 698 1712 ignarus,
748 1649 863 1694 dum
903 1649 1061 1695 turbat
1095 1658 1277 1706 nautas,
1330 1652 1402 1698 vel

84 1715 410 1776 intempestive
446 1716 600 1777 juvat,
648 1713 807 1775 officia
854 1710 1158 1774 prudentium
1195 1730 1402 1762 corrum-

86 1781 251 1840 pebat:
298 1795 440 1826 omne
479 1778 651 1825 dehinc
689 1778 880 1832 caelum,
931 1787 976 1824 et
1007 1795 1137 1825 mare
1175 1796 1315 1830 omne
1355 1783 1404 1828 in

86 1852 293 1890 austrum
339 1845 493 1898 cessit,
551 1842 632 1905 qui
684 1843 876 1889 tumidis
928 1841 1203 1890 Germaniae
1253 1847 1403 1901 terris,

122 1908 327 1955 rosundis
364 1909 598 1964 amnibus,
648 1910 879 1954 immenso
915 1909 1114 1955 nubium
1143 1918 1299 1956 tractu
1326 1927 1404 1957 va-

102 1972 226 2028 idus,
283 1980 330 2019 et
370 1974 523 2035 rigore
567 1973 710 2020 vicini
757 1973 1107 2035 septemtrionis
1150 1973 1405 2031 horridior,

88 2039 245 2099 rapuit
290 2039 569 2100 disjecitque
608 2055 748 2084 naves
782 2039 831 2084 in
867 2045 1029 2099 aperta
1064 2035 1265 2094 Oceani,
1323 2051 1405 2086 aut

88 2103 259 2149 insulas
299 2103 422 2149 saxis
461 2103 688 2163 abruptis,
727 2103 800 2149 vel
835 2119 920 2164 per
955 2103 1146 2150 occulta
1180 2105 1299 2150 vada
1335 2106 1406 2150 in-

88 2169 240 2214 festas.
327 2166 514 2217 Quibus
552 2168 746 2228 paulum
783 2170 1006 2229 aegreque
1048 2169 1221 2223 vitatiS,
1279 2178 1406 2230 post·

90 2235 235 2294 quiam
294 2234 509 2279 mutabat
556 2242 715 2287 astus,
781 2234 1042 2294 eodemque
1093 2235 1187 2295 quo
1243 2244 1410 2281 ventus

86 2295 290 2350 ferebat3
344 2313 440 2344 non
479 2298 719 2343 adh-‘erere
756 2298 988 2351 anchoris,
1038 2313 1136 2343 non
1163 2299 1410 2353 exhaurire

90 2364 400 2422 irrumpentes
459 2363 606 2408 undas
670 2371 911 2423 poterant:
982 2363 1110 2426 equi,
1171 2363 1409 2426 jumenta,

89 2427 307 2481 sarcinae,
332 2428 475 2473 etiam
491 2443 619 2473 arma
632 2426 1013 2488 praecipitantur,
1039 2428 1133 2489 quo
1148 2427 1412 2475 levarentur

91 2492 209 2539 alvei
227 2501 471 2538 manantes
494 2508 578 2554 per
600 2492 760 2546 latera,
799 2501 844 2538 et
867 2490 1018 2539 fluctu
1052 2504 1411 2554 superurgente.

93 2554 223 2602 Anu.
247 2555 313 2602 II.
336 2574 443 2620 pag.
468 2559 542 2603 84.
572 2557 662 2602 Ed.
1293 2558 1296 2560 ’

801 2647 838 2682 G
