1668 3053
623 192 905 228 AGRICOLA.
1352 189 1382 226 :7
1393 180 1424 234 7‘

175 289 343 338 XXV.
381 291 604 339 Ceterum
646 305 826 349 aestate,
885 297 978 355 qua
1040 304 1226 340 sextum
1277 295 1423 341 officii

111 374 345 419 annum¹⁸⁰
384 374 655 428 inchoabat,
707 376 951 436 amplexus
997 374 1262 419 civitates¹⁸¹
1298 384 1424 421 trans

112 451 385 500 Bodotriam
427 456 552 510 sitaS,
607 456 719 516 quia
755 465 911 501 motus
939 455 1258 500 universarum
1302 455 1423 500 ultra

109 537 340 597 gentium,
376 545 423 582 et
446 537 613 583 infesta
642 538 796 583 hostili
835 536 1048 583 exercitu
1086 536 1253 581 itinera
1288 536 1423 582 time-

111 615 297 669 bantur,
333 624 496 676 portus
513 617 658 663 classe
674 617 954 678 exploravit:
995 631 1103 677 quae
1122 616 1181 660 ab
1197 615 1424 677 Agricola

108 696 315 757 primum
347 697 595 757 adsumpta
626 698 675 743 in
706 706 888 758 partem
921 696 1105 749 virium,
1143 697 1426 757 sequebatur

108 777 298 839 egregia
345 780 519 840 specie,
578 781 688 825 cum
738 780 874 826 simul
919 780 1057 833 terra,
1126 779 1263 825 simul
1307 781 1424 826 mati

109 858 286 904 bellum
302 860 635 920 impelleretur,
673 876 728 906 ac
748 877 876 922 saepe
891 860 1054 905 iisdem
1079 861 1239 906 castris
1262 861 1423 921 pedes,

108 955 364 1001 equesque,
389 948 435 985 et
450 942 667 986 nauticus
681 941 831 995 miles,
856 941 991 986 mixti
1012 941 1160 1002 copiis
1176 949 1224 986 et
1241 941 1423 996 laetitia,

108 1038 192 1067 sua
205 1022 405 1083 quisque
428 1022 568 1077 facta,
604 1038 711 1068 suos
730 1038 865 1068 casus
884 1022 1170 1067 attollerent:
1209 1037 1264 1068 ae
1284 1023 1425 1068 modo

108 1110 142 1129 “
168 1102 386 1149 silvarum
421 1112 467 1149 et
506 1104 741 1149 montium
770 1103 1034 1164 profunda'’
1071 1102 1212 1149 modo
1248 1110 1279 1129 “
1305 1112 1422 1149 tem-

109 1191 142 1210 “
166 1192 403 1244 pestatum
426 1199 482 1229 ac
505 1184 740 1230 fluctuum
760 1184 1001 1238 adversa,''
1041 1185 1151 1229 hinc
1190 1192 1220 1210 ‘²
1241 1194 1362 1230 terra
1378 1195 1425 1231 et

108 1265 362 1319 “hostis,’'
413 1265 524 1310 hinc
577 1273 607 1292 “
646 1275 812 1311 auctus
860 1263 1176 1311 Oceanus‘’¹82
1234 1267 1423 1312 militari

96 1347 331 1409 jactantia
359 1357 757 1410 compararentur.
832 1355 862 1374 “
890 1347 1173 1393 Britannos'’
1213 1364 1420 1410 quoque,

106 1438 159 1474 ut
187 1445 248 1476 ex
274 1430 470 1491 captivis
492 1430 787 1483 audiebatur,
825 1435 857 1454 “
877 1429 976 1474 visa
1012 1428 1169 1474 classis
1200 1430 1422 1491 obstupe-

108 1517 141 1536 “
166 1510 384 1565 faciebat,
421 1519 682 1572 tamquam,
719 1504 881 1571 aperto
919 1510 1059 1555 maris
1108 1510 1179 1555 sui
1223 1521 1420 1567 secreto,

108 1593 386 1639 “ultimum
429 1594 565 1640 victis
612 1593 881 1655 perfugium
927 1593 1274 1638 clauderetur.'’
1342 1595 1424 1640 Ad

104 1690 271 1721 manus
309 1685 356 1721 et
400 1691 530 1721 arma
561 1675 771 1721 conversi
809 1673 1117 1721 Caledoniam
1163 1675 1422 1722 incolentes

104 1755 286 1817 populi,
322 1766 488 1817 paratu
511 1772 703 1818 magno,
738 1758 916 1817 majore
940 1756 1080 1808 fama,
1121 1757 1189 1801 uti
1225 1772 1327 1802 mos
1354 1766 1424 1804 est

105 1836 364 1898 deignofis,
384 1843 415 1862 “
433 1852 732 1898 oppugnasse
746 1836 979 1890 ultr0,”¹⁶³
997 1835 1185 1882 castella
1200 1835 1425 1891 adorti&

104 1927 302 1971 metum,
337 1927 389 1962 ut
405 1927 731 1978 provocantes,
768 1917 1063 1963 addiderant:
1103 1924 1134 1942 “
1156 1917 1422 1978 regredien-

106 2005 139 2024 “
164 1998 373 2059 dumque
392 1998 508 2043 citra
525 1996 814 2052 Bodotriam,
840 2007 886 2043 et
901 1997 1231 2044 excedendum
1247 1999 1420 2058 potius,

107 2089 139 2108 “
166 2083 313 2142 quam
341 2080 679 2142 pellerentur,''
716 2081 874 2142 ignavi
917 2081 1075 2142 specie
1118 2080 1423 2140 prudentium

104 2161 446 2208 admonebant:
485 2163 595 2208 cum
630 2163 819 2208 interim
852 2163 1173 2224 cognoscit,¹⁸⁵
1210 2169 1241 2188 ‘⁶
1268 2163 1423 2210 hostes

107 2250 141 2269 “
164 2242 378 2303 pluribus
421 2243 688 2304 agminibus
729 2243 1050 2304 inrupturos.'’
1131 2243 1210 2289 Ac
1249 2259 1309 2289 ne
1347 2261 1421 2292 su-

105 2331 300 2384 perante
314 2339 528 2378 numero,
565 2333 612 2369 et
633 2324 802 2386 peritia
835 2325 1048 2370 locorum
1079 2323 1422 2381 circumiretur,

104 2406 251 2452 diviso
267 2416 314 2453 et
329 2407 429 2469 ipse
443 2409 494 2454 in
514 2417 606 2455 tres
620 2418 777 2472 partes
793 2409 1005 2455 exercitu
1022 2409 1225 2455 incessit.

168 2567 365 2616 XXVI.
435 2569 582 2620 Quod
619 2572 701 2617 ubi
747 2573 997 2634 cognitum·
1044 2573 1185 2630 hosti,
1240 2582 1423 2622 mutato
