1668 3053
258 196 327 232 AD
363 196 463 232 LIB.
489 195 562 232 DE
597 195 834 231 MORIBUS
872 195 1255 233 GERMANORUM
1320 188 1409 240 157

102 302 135 344 θ’
166 294 424 343 Germania
467 299 516 344 in
561 295 739 342 Gallias
781 304 1105 358 transgressos,
1174 296 1221 341 in
1268 295 1413 344 fidem

103 362 282 422 recepit
321 361 521 409 Marcus
558 361 793 423 Agrippa,
851 377 974 407 anno
1017 358 1160 406 Urbis
1203 362 1413 410 conditae

106 436 352 472 DCCXVII.
403 426 568 474 Strabo
591 425 717 471 Libr.
741 424 826 471 IV.
853 443 962 488 pag.
989 426 1091 476 194.
1160 426 1309 486 Apud
1333 443 1413 474 eos

103 500 215 537 nata
249 492 535 554 Agrippina,
591 499 740 536 mater
782 489 1000 544 Neronis,
1050 489 1237 536 Claudii
1276 506 1413 546 uxor,

103 556 154 601 in
176 572 337 601 eorum
360 557 588 617 oppidum
613 566 853 602 veteranos
892 556 1223 616 coloniamque
1245 555 1417 603 deduci

104 620 394 681 impetravit3
431 621 507 667 cui
529 636 698 666 nomen
716 620 917 668 inditum
933 636 993 665 ex
1007 621 1238 666 vocabulo
1254 620 1415 683 ipsius,

103 693 156 730 ut
178 685 378 731 vidimus
402 688 542 747 supra
562 685 738 731 Annal.
767 684 890 731 XII.
917 688 994 737 27.

169 830 223 857 ⁹³⁹
267 830 333 879 Ut
374 830 633 895 arcerent]
686 830 835 894 Super
878 832 1028 893 ipsam
1072 829 1225 878 Rheni
1265 824 1418 895 ripam

102 892 256 941 Ubios
281 895 530 942 collocavit
552 896 789 958 Agrippa,
825 904 876 942 ut
908 895 1173 943 Germanos
1188 909 1417 953 arcerent,

103 969 286 1070 nonbu}
303 961 391 1022 ipsi
424 961 790 1017 custodirentur,
825 961 1152 1025 experimento
1177 962 1286 1009 fidei
1311 963 1421 1010 satis

103 1041 189 1085 pro
225 1040 253 1070 a
279 1041 305 1070 1.

168 1174 222 1203 24⁰
258 1173 479 1238 Batavi]
518 1171 683 1220 Batavi
713 1188 812 1219 non
837 1171 979 1218 modo
1021 1173 1223 1219 insulam
1266 1171 1422 1220 Rheni

100 1238 268 1292 amniS,
306 1239 346 1284 le
366 1239 559 1293 Bbtuve,
596 1238 676 1284 sed
701 1238 879 1299 aliquid
901 1253 962 1283 ex
985 1238 1104 1298 ripa,
1141 1238 1221 1284 ubi
1245 1238 1424 1300 aliquot

103 1301 385 1349 Batavorum
402 1302 594 1365 oppida,
620 1303 820 1349 coluere.
891 1301 968 1349 De
991 1303 1062 1348 his
1085 1302 1264 1350 dictum
1284 1306 1426 1366 supra

105 1366 231 1415 Hist.
255 1365 341 1414 IV.
375 1371 445 1413 12.
483 1366 666 1422 Batavi,
703 1367 856 1413 donec
888 1374 1018 1414 trans
1054 1365 1278 1414 Rhenum
1314 1384 1424 1428 age·

103 1432 234 1487 bant,
270 1449 378 1494 pars
409 1431 681 1478 Cattorum:
720 1432 951 1479 seditione
988 1431 1248 1479 domestica
1283 1433 1425 1494 pulsi,

101 1507 314 1544 extrema
332 1496 535 1544 Gallicae
562 1513 676 1552 orae,
712 1512 862 1543 vacua
880 1496 1155 1552 cultoribus,
1193 1497 1427 1560 simulque

102 1562 320 1617 insulam,
345 1562 467 1608 inter
482 1561 601 1608 vada
615 1562 769 1617 sitam,
795 1576 1107 1623 occupavere,
1134 1578 1278 1624 quam
1296 1579 1426 1609 mare

99 1624 324 1674 Oceanus
347 1644 375 1673 a
390 1627 560 1681 fronte,
597 1624 792 1673 Rhenus
815 1627 965 1672 amnis
987 1635 1175 1688 tergum
1199 1643 1254 1672 ac
1280 1626 1426 1674 latera

104 1691 386 1738 circumluit.
414 1691 540 1737 Hist.
562 1690 646 1737 IV.
664 1708 772 1753 pag.
791 1695 900 1741 229.
929 1690 1019 1736 Ed.
1039 1700 1086 1736 et
1110 1691 1235 1737 Hist.
1260 1689 1321 1735 V.
1353 1694 1424 1742 19.

102 1754 241 1802 Civili
257 1755 562 1803 Chaucorum
579 1757 754 1802 auxilia
770 1757 962 1802 venere:
990 1772 1086 1802 non
1105 1765 1265 1802 tamen
1287 1772 1427 1802 ausus

101 1821 278 1882 oppida
314 1820 599 1867 Batavorum
636 1821 775 1867 armis
811 1820 950 1875 tueri,
986 1821 1148 1881 raptis,
1185 1837 1296 1882 quae
1320 1820 1425 1866 ferri

100 1894 336 1946 poterant,
363 1886 531 1931 ceteris
550 1887 728 1946 injecto
747 1885 864 1947 igni,
891 1885 1158 1933 ininsulam
1174 1885 1421 1932 concessit,

102 1949 228 1997 Hist.
246 1948 306 1995 V.
327 1967 436 2013 pag.
454 1953 564 2002 317.
602 1949 694 1997 Ed.

164 2094 216 2123 24¹
252 2096 293 2139 A
301 2096 472 2155 ntiquae
493 2094 776 2159 societatis]
812 2094 957 2142 Unde
981 2073 1153 2143 Batavi
1175 2096 1290 2143 dicti
1315 2104 1424 2143 sunt

86 2160 278 2216 fratr&
325 2166 371 2204 et
413 2161 555 2205 amici
594 2161 757 2220 populi
801 2160 1015 2215 Romani,
1067 2170 1118 2207 ut
1157 2178 1227 2217 ,ex
1269 2171 1425 2209 vetere

100 2223 256 2287 lapide
278 2224 550 2271 monuimus
576 2228 717 2287 supra
738 2225 916 2272 Annal.
941 2224 1038 2272 XI.
1059 2229 1136 2272 25.
1162 2234 1260 2273 not.
1279 2227 1323 2274 4.

164 2373 218 2401 24²
252 2373 584 2437 Publz'canus.]
638 2373 715 2420 De
753 2375 1019 2435 publicanis
1059 2376 1242 2423 dictum
1283 2379 1426 2437 supra

101 2437 277 2483 Annal.
304 2437 453 2484 XIII.
479 2443 557 2486 50.
626 2439 811 2486 Eodem
842 2456 982 2495 anno,
1042 2440 1216 2487 crebris
1257 2441 1425 2503 populi

100 2500 487 2563 flagitationibus,
525 2504 871 2550 immodestiam
901 2502 1265 2566 publicanorum
1289 2521 1425 2566 argu-

101 2567 238 2622 entis,
274 2567 508 2615 dubitavit
536 2566 666 2615 Nero
701 2585 762 2616 an
795 2578 971 2617 cuncta
1002 2571 1254 2632 vectigalia
1271 2570 1427 2620 omitti
