1668 3053
386 198 458 237 AD
493 199 670 237 VITAM
710 199 798 236 CN.
827 201 937 238 JUL.
962 200 1270 238 AGRICOLAE.
1408 195 1498 238 231

168 310 242 351 tot
263 302 463 350 diversae
486 302 779 350 eruditorum
809 302 1060 364 opiniones
1084 303 1502 358 circumferuntur,

168 368 201 415 ii
226 377 352 423 sunt,
389 368 471 430 qui
496 383 585 415 nec
612 368 699 414 sub
724 368 887 430 signis,
925 384 1016 414 nec
1058 369 1145 414 sub
1184 369 1372 430 aquilis,
1424 371 1504 416 sed

168 435 256 482 sub
280 433 462 482 vexillis
485 433 770 480 militabant.
841 432 1031 495 Cuique
1068 434 1244 495 legioni
1278 436 1504 481 vexillum

168 516 318 548 unum
343 508 443 547 erat
465 499 760 546 attributum.
799 497 914 546 Not.
935 510 981 544 et
999 499 1199 545 Einend.
1223 500 1284 545 ad
1307 502 1440 546 Anu.
1465 500 1502 546 1.

167 568 248 612 38.
279 582 389 629 pag.
415 568 528 611 350.
568 564 660 610 Ed.

237 698 289 728 Ψ
324 697 387 744 In
419 712 600 759 aequum
639 695 872 761 degredi]
923 697 1205 753 Ordovices'‚
1249 700 1331 762 qui
1367 715 1504 746 mon-

167 772 306 810 tuosa
347 764 643 817 habitabant,
702 765 752 809 in
798 781 1011 826 aequurn,
1066 780 1148 810 seu
1195 765 1242 809 in
1290 765 1504 825 planum,

168 829 361 890 degredi
403 844 500 875 non
546 829 800 875 audebant.
878 831 1046 892 ltaque
1082 830 1316 892 Agricola
1355 833 1505 878 erexit

167 896 322 942 aciem
350 911 501 951 suam,
539 903 586 941 et
610 893 906 942 Ordovicum
931 897 1056 958 juga
1085 897 1338 958 superavit.

237 1029 283 1059 ¹4¹
322 1025 480 1089 Schrci
504 1027 800 1091 memoravi]
841 1026 962 1090 Cap.
996 1029 1067 1074 14.

235 1159 286 1189 ¹⁴²
322 1159 383 1206 In
422 1159 574 1206 dubiis
611 1159 856 1221 consiliis]
909 1158 1126 1206 Deerant
1161 1175 1320 1216 naves,
1372 1170 1424 1207 ut
1459 1163 1506 1207 in

166 1224 402 1273 subitariis
436 1225 690 1287 dubiisque
729 1225 936 1272 consiliis
976 1226 1240 1286 contingit,
1281 1228 1362 1274 sed
1387 1228 1507 1273 ratio

163 1298 210 1337 et
236 1291 506 1338 constantia
527 1291 662 1337 ducis
686 1291 888 1337 militem
913 1292 1187 1337 transvexit.

232 1422 283 1452 ¹4³
318 1421 389 1468 Et
421 1438 558 1483 equos
594 1420 804 1485 regunt]
845 1419 989 1468 Unde
1017 1423 1199 1469 ridetur
1221 1422 1502 1470 lectissimos

162 1486 266 1534 illos
311 1488 614 1534 auxiliarium
660 1488 800 1535 fuisse
849 1487 1076 1544 Batav053
1150 1505 1354 1550 quorum
1400 1490 1506 1536 talis

161 1554 336 1617 peritia
370 1554 563 1600 laudata
599 1562 668 1600 est
705 1556 849 1616 supra
886 1553 1012 1600 Hist.
1048 1553 1134 1601 IV.
1178 1559 1248 1600 12.
1320 1555 1434 1602 Erat
1460 1566 1508 1602 et

161 1620 291 1666 domi
337 1619 551 1667 delectus
602 1635 764 1682 eques,
832 1620 1086 1682 praecipuo
1133 1620 1278 1667 nandi
1328 1623 1504 1676 studio,

160 1702 293 1732 arma
316 1702 559 1748 equosque
580 1688 804 1741 retinens,
842 1686 1039 1747 integris
1055 1688 1240 1743 turmis,
1278 1683 1506 1734 Rhenum

161 1768 483 1815 perrumpere.
523 1751 651 1799 Hist.
677 1769 789 1814 pag.
807 1755 918 1803 229.
957 1751 1050 1796 Ed.

230 1885 283 1914 '4⁵‘
322 1884 418 1932 Qui
440 1884 673 1947 classem]
727 1883 827 1933 Qui
873 1881 1080 1931 R‘Ionam
1124 1886 1328 1932 insulam
1370 1889 1504 1934 habi-

162 1951 345 2005 tabant,
404 1951 725 2012 opinabantur
770 1948 1014 1996 Romanos
1060 1951 1225 2005 classe,
1287 1953 1505 2008 navibus,

161 2017 372 2064 seeundo
396 2016 538 2062 maris
564 2025 685 2063 aestu
709 2032 900 2071 usuros,
940 2017 1147 2079 haecque
1167 2019 1203 2064 si
1223 2018 1505 2075 deficerent,

161 2083 359 2130 minime
382 2091 620 2129 venturos.

232 2214 284 2245 ¹³¹⁵
325 2214 592 2276 Officiorum
639 2212 908 2276 ambitum]
982 2212 1178 2277 Legatis
1224 2215 1354 2261 enim
1398 2233 1506 2277 pro-

163 2280 370 2329 vinc-iam
407 2280 785 2343 ingredientibus
824 2280 1022 2342 publice
1061 2281 1382 2343 privatimque
1424 2298 1503 2329 oc-

163 2348 456 2402 currebatur,
528 2346 990 2393 commendabantur
1049 2347 1280 2401 civitateS,
1363 2349 1508 2395 xenia

163 2414 535 2463 missitabantur.
619 2410 748 2459 Vide
795 2411 981 2474 Digest.
1030 2412 1161 2458 Libr.
1203 2414 1242 2458 Ι.
1291 2411 1389 2460 Tit.
1431 2413 1503 2460 16.

165 2479 222 2526 de
252 2478 412 2541 Officio
429 2479 724 2540 proconsulis
747 2485 793 2523 et
821 2477 983 2541 legati.
1022 2477 1140 2541 Leg.
1164 2480 1205 2524 4.
1235 2477 1263 2523 6
1289 2488 1336 2525 et
1362 2485 1405 2533 7.

235 2613 286 2644 ¹⁴⁶
329 2615 376 2662 V
374 2614 489 2661 ictos
511 2611 837 2676 contimcz'sse]
872 2610 1040 2659 victos
1066 2629 1092 2658 a
1116 2612 1341 2660 Suetonio
1366 2613 1480 2661 Paul
