1668 3053
367 222 438 259 AD
475 221 652 258 viTAM
692 220 779 256 CN.
807 219 918 258 ωε.
944 217 1247 256 AGRICOLE.
1385 205 1478 259 233

220 324 272 351 ¹⁵⁰
306 323 416 370 Non
451 330 728 383 peccaturos
760 320 1069 383 praeponere]
1127 320 1411 378 Praeponere
1453 334 1484 373 a

151 389 282 447 libris
306 390 443 436 editis
466 390 701 436 immerito
724 388 875 434 fuerat
897 388 1138 434 omissum.

222 523 271 548 ¹⁵¹
306 520 623 581 Auctionem]
662 517 844 565 NIelius
868 519 987 565 forte
1011 518 1312 565 erectionem.

221 655 273 680 ¹⁵²
307 654 540 717 Adollire]
594 653 837 701 Frumenti
898 662 944 702 et
1001 656 1286 702 tributorum
1341 668 1483 701 exac:

152 721 351 775 tionem,
378 721 449 766 vel
465 721 608 767 etiam
625 722 914 776 auctionem,
944 722 1217 783 aequalitate
1232 736 1484 774 munerum

156 787 325 832 molliit
345 787 593 848 Agricola,
645 787 938 834 circumcisis
975 803 1105 848 quae,
1156 786 1205 832 in
1243 794 1486 848 quaestum

154 862 357 914 reperta,
396 853 499 914 ipso
519 853 695 899 tributo
720 853 906 914 gravius
928 853 1264 901 tolerabantur.
1336 851 1484 908 Nam,

156 927 268 965 ante
308 918 556 980 Agricolae
601 919 954 980 praefecturam‚
990 927 1319 980 procuratores
1363 917 1486 979 pub-

156 984 395 1047 licanique
440 1000 537 1030 non
584 985 741 1030 statim
785 984 1076 1030 frumentum
1125 983 1488 1044 stipendiarium

157 1050 364 1111 exigere,
402 1050 482 1096 sed
517 1048 851 1097 Britannorum
886 1051 1053 1097 horrea
1087 1050 1331 1095 claudere:
1385 1047 1488 1094 Bri?

156 1116 290 1162 tanni
330 1116 500 1163 clausis
537 1116 631 1162 suis
670 1116 848 1163 horreis
884 1115 1114 1169 adsidere,
1151 1124 1214 1169 et,
1253 1116 1363 1160 cum
1393 1114 1488 1161 fru-

157 1182 331 1228 mentis
380 1181 693 1236 abundarent,
751 1198 807 1228 ea
849 1190 1012 1227 tamen
1054 1182 1177 1227 ultro
1223 1179 1489 1242 grandique

157 1248 312 1308 pretio
366 1263 536 1293 emere.
608 1246 683 1292 En
733 1247 1007 1294 ludibrium.
1078 1246 1280 1292 Gravior
1331 1246 1489 1301 adhuc

160 1313 348 1375 injuria,
401 1314 531 1368 cum,
581 1314 755 1374 apertis
793 1313 986 1367 horreis,
1036 1313 1373 1375 persolutoque
1406 1311 1488 1362 ‚sti÷

158 1379 352 1440 pendio,
390 1378 439 1423 in
473 1378 678 1424 militurn
719 1394 774 1425 ac
811 1379 1028 1440 praesidis
1063 1394 1174 1425 usus
1210 1377 1492 1440 exigebatur

159 1443 466 1499 frumentum,
504 1445 633 1506 quod
657 1444 871 1491 Britanni
897 1453 1028 1492 certo
1059 1442 1271 1506 quodam
1307 1458 1363 1489 ac
1399 1443 1492 1497 levi

159 1511 329 1571 pretio,
367 1526 394 1556 a
416 1511 803 1571 procuratoribus
835 1509 1200 1572 publicanisque
1237 1509 1490 1569 aestimato,

159 1575 364 1622 vendere
405 1576 712 1638 cogebantur.
784 1574 913 1624 Quae
959 1575 1155 1622 tandem
1198 1575 1495 1627 intoleranda,

161 1650 260 1688 erat
299 1642 497 1697 saevitia,
551 1641 852 1688 indicebatur
892 1642 1180 1697 civitatibus,
1214 1649 1285 1696 ut,
1322 1656 1419 1686 non
1444 1640 1494 1690 in

163 1708 251 1753 sibi
273 1708 508 1768 proxima,
560 1708 642 1753 sed
677 1709 724 1754 in
757 1716 936 1753 remota
960 1715 1006 1754 et
1031 1707 1134 1754 avia
1158 1707 1372 1760 hiberna,
1409 1722 1495 1768 per

161 1772 361 1819 divortia
408 1773 630 1820 itinerum
674 1774 914 1835 longaque
965 1774 1215 1836 regionum
1251 1773 1496 1828 intervalla

163 1837 454 1884 frumentum
511 1839 758 1886 deferrent.
840 1837 915 1885 Sic
974 1839 1105 1901 quod
1162 1839 1384 1885 omnibus
1444 1838 1495 1889 iu

161 1912 389 1966 promptu
413 1913 529 1960 erat,
565 1906 732 1965 paucis
756 1904 1025 1965 publicanis
1059 1905 1300 1966 lucrosum
1329 1902 1492 1959 fiebat,

166 1968 226 2015 In
266 1970 321 2017 iis
358 1978 515 2016 autern
565 1971 843 2032 injuriarum
882 1970 1113 2025 versutiis,
1168 1987 1265 2016 non
1298 1971 1497 2022 deerant,

165 2036 293 2088 sane,
352 2037 433 2098 qui
473 2036 726 2082 ferociores
763 2034 1100 2083 Britannorum
1136 2037 1320 2083 animos
1356 2035 1496 2088 variis

164 2100 379 2148 ludibriis
424 2102 716 2163 assiduisque
759 2101 1000 2154 laboribus
1045 2102 1307 2149 domandos
1349 2101 1495 2163 jacti:

164 2173 333 2213 tarent.
403 2166 548 2213 Victa
564 2167 699 2230 plebs
718 2183 904 2229 semper
922 2183 1016 2224 rea,
1053 2169 1163 2214 cum
1183 2167 1428 2230 premitur.

233 2297 286 2324 ¹⁵³
318 2296 586 2360 Priorum]
626 2295 843 2345 Priorum
866 2299 1141 2361 praesidum.

233 2430 287 2459 ¹⁵⁴
330 2427 611 2493 Ubiaestas]
630 2429 776 2476 Anno
787 2426 933 2476 Urbis
944 2428 1152 2476 conditae
1165 2438 1495 2486 DCCCXXXH,

168 2493 195 2542 J
202 2511 284 2542 esu
306 2493 483 2541 Christi
509 2498 583 2547 79.

327 2628 553 2676 Laudare
567 2629 881 2695 modestiam]
916 2628 1214 2688 Crediderim
1227 2629 1343 2676 olim
1359 2627 1502 2686 fuisse
