1668 3053
290 187 360 227 AD
396 186 496 226 Lm.
523 187 594 226 DE
630 191 866 228 Momssus
899 191 1296 230 GERuANORLM
1354 186 1435 231 101

207 290 619 352 ⁶⁷Itnperantwn]
659 289 772 338 Huc
786 291 902 339 forte
921 302 1150 354 spectant,
1176 310 1284 355 quae
1302 295 1443 340 habet

142 354 388 402 Suetonius
427 357 475 402 in
519 356 646 416 Aug.
683 353 831 402 XXI.
899 361 940 403 A
979 359 1247 430 quibusdanz
1283 374 1443 405 novum

138 435 283 481 genus
329 416 533 465 'obsza'nm
568 421 779 477 feminas
826 422 1008 484 efrzgere
1049 423 1269 468 tentavit:
1327 424 1447 484 quod

142 485 372 547 necligere
389 501 492 530 mar
496 501 586 532 zum
603 487 805 548 pignora
819 488 1057 532 sentzebat.

206 598 241 623 ⁶⁸
274 599 376 645 Nec·
395 606 476 644 aut
495 596 684 645 consilia
698 596 898 660 earum]
937 598 1115 645 Eadem
1129 599 1187 644 de
1205 597 1445 645 Celtarum

140 662 323 709 feminis
364 665 470 710 vide
515 664 643 725 apud
692 663 1013 716 Plutarchum,
1071 664 1126 709 de
1183 663 1448 710 Virtutibus

140 728 400 774 mulierum.
482 727 619 774 Tom.
662 727 729 773 ΙΙ.
771 744 879 790 pag.
920 727 1027 773 246.
1114 727 1204 774 Par
1258 744 1447 790 quoque

139 791 487 839 Canadensium
523 793 800 839 feminarum
829 793 1094 839 auctoritas.
1165 791 1288 839 Vide
1311 792 1362 839 P.
1390 795 1448 839 de

140 855 439 912 Charlevoix,
489 857 581 904 loc.
608 859 687 904 cit.
715 858 882 904 Lettre
916 856 1066 904 XIII.
1107 873 1216 919 pag.
1254 861 1361 903 908.
1401 871 1445 905 et

137 921 306 968 Lettre
324 920 518 968 XVIII.
538 938 648 984 pag.
665 921 773 973 269.

203 1018 239 1045 ⁶⁹
287 1015 522 1078 Responsa
587 1017 868 1082 negligunt]
936 1017 1225 1081 Suffragatur
1294 1018 1447 1066 Julius

138 1082 177 1127 C
183 1099 314 1138 aesar,
335 1083 451 1130 Bell.
469 1082 592 1129 Gall.
612 1083 651 1129 I.
668 1088 746 1129 50.
812 1081 925 1129 Cam
944 1099 997 1141 est
1012 1085 1208 1143 captivis
1223 1094 1444 1145 quaereret

139 1147 318 1203 Cesar,
369 1165 507 1209 quam
548 1149 600 1193 ob
638 1164 733 1193 rem
756 1149 1019 1193 Ariovistus
1047 1149 1206 1208 pralio
1245 1166 1329 1195 non
1369 1149 1443 1195 de-

138 1214 376 1259 certaret?
433 1214 550 1259 hanc
589 1213 852 1272 reperiebat
899 1228 1101 1267 causam,
1159 1211 1281 1274 quad
1320 1215 1446 1273 apud

144 1278 401 1324 Germanos
425 1294 479 1323 ea
504 1277 776 1324 consuetudo
800 1285 931 1332 esset,
969 1286 1021 1323 ut
1039 1279 1446 1335 matresfamilias·

137 1359 292 1388 eorum
333 1343 532 1389 sortibus
580 1349 628 1388 et
675 1343 1086 1399 1·atz'ci71atzanibzc.v
1132 1342 1443 1397 declararent,

138 1415 294 1453 utrum.
316 1408 478 1466 proelio
497 1406 723 1454 committi
738 1422 792 1453 ex
810 1422 894 1452 usu
909 1414 1040 1461 esset,
1067 1422 1243 1453 necne:
1284 1424 1359 1453 eas
1377 1409 1444 1452 ita

135 1473 307 1527 dicere,
322 1488 406 1517 non
417 1472 599 1529 essefas
607 1471 746 1517 Germ
754 1487 860 1517 anos
869 1472 1156 1531 superare,si
1164 1480 1273 1518 ante
1284 1489 1443 1518 novam

136 1537 290 1582 lunam
343 1537 692 1583 contendissent.
794 1534 906 1584 Qua
957 1545 1114 1582 autem
1172 1538 1444 1584 crudelitate

136 1603 262 1662 apud
300 1601 518 1648 Cimbros
561 1602 926 1646 vaticinat-entur
963 1601 1055 1661 illae
1094 1601 1302 1657 feminae,
1342 1603 1443 1648 vide

134 1666 344 1713 Strabon.
370 1663 477 1711 VII.
498 1682 607 1728 pag.
627 1666 735 1716 294.

197 1766 235 1789 '⁷⁰
277 1762 533 1825 Veledam]
572 1762 649 1809 De
664 1764 756 1825 qua
773 1761 876 1809 vide
896 1764 1036 1824 supra
1051 1762 1179 1809 Hist.
1196 1761 1281 1810 IV.
1302 1763 1379 1819 61,
1397 1774 1444 1810 et

135 1828 211 1874 65.
231 1828 357 1875 Hist.
376 1827 459 1874 lV.
486 1827 561 1874 61.
579 1828 683 1874 vide
698 1825 811 1873 Not.
831 1831 905 1879 73.
930 1827 1021 1874 Sed
1036 1845 1194 1874 coram
1208 1829 1350 1884 adire,
1363 1830 1442 1875 ad-

135 1894 361 1955 loquique
376 1891 422 1936 V
425 1893 623 1947 eledam,
647 1901 886 1953 negatum.
914 1894 1215 1939 Arcebantur
1230 1904 1439 1954 aspectu,

133 1961 228 2019 quo
250 1958 556 2004 venerationis
577 1958 681 2018 plus
703 1959 887 2003 inesset.
957 1957 1067 2018 Ipsa
1089 1959 1238 2004 edita
1228 1975 1277 2003 111
1292 1969 1438 2005 turre:

134 2023 344 2068 delectus
383 2039 409 2068 e
444 2022 736 2095 Ριορίιιςιιίς,
774 2022 986 2067 consulta
1025 2038 1353 2084 oesponsaquc,
1390 2034 1443 2069 ut

133 2087 445 2134 internuntius
489 2088 708 2140 numiniS,
757 2086 990 2147 portabat
1062 2086 1189 2133 Hist.
1215 2087 1301 2133 IV.
1328 2105 1436 2149 pag.

133 2156 243 2204 971.
279 2151 370 2197 Ea'.

195 2250 230 2273 '⁷¹
266 2245 487 2293 Numinis
501 2245 592 2293 loco
611 2244 858 2308 habitam]
896 2245 984 2293 Sed
1007 2256 1170 2309 postea
1187 2251 1435 2311 captivam.

127 2311 269 2358 'Adeo
287 2313 467 2358 incerta
495 2312 567 2358 vel
590 2311 887 2358 fatidicarum
911 2313 1028 2358 sors!
1068 2311 1145 2358 De
1173 2315 1227 2359 ea
1250 2314 1437 2370 Statius,

133 2376 238 2423 Silv.
266 2376 303 2422 I.
332 2378 375 2423 4.
392 2394 505 2423 vers,
529 2380 603 2427 90.

235 2473 327 2511 Non
340 2480 444 2512 iacal
462 2475 613 2512 Arctoas
630 2474 736 2518 acies,
764 2474 1004 2524 Rhenumque
1020 2473 1201 2520 rebellem,

235 2524 368 2574 Captiv
373 2538 475 2575 aeque
492 2538 618 2576 preces
640 2525 672 2560 V
674 2503 802 2568 ele’dae,
829 2534 865 2561 et
883 2529 979 2574 (quae
996 2526 1152 2563 maxima
1174 2539 1288 2578 nuper

236 2575 605 2666 giiissffadeposmm
625 2575 734 2614 Dacis
755 2575 982 2626 pereuntibus
999 2575 1121 2614 urbem
