1668 3053
360 183 434 222 AD
469 182 646 220 VITAM
686 183 776 220 CN.
803 183 913 222 JUL.
941 185 1243 224 AGRICOLAE.
1381 182 1478 230 209

139 304 168 334 e
190 286 329 342 terra,
365 287 415 334 in
431 286 524 349 quii
539 286 665 334 nuda
681 286 795 333 nudi
822 287 1024 334 infantes
1048 286 1270 345 Romani,
1308 293 1474 338 recens

137 353 255 407 nati,
275 352 652 414 deponebantur.
701 353 823 399 Vide
839 352 1064 409 Plinium,
1084 353 1199 401 VII.
1219 356 1269 402 in
1284 357 1468 418 praefat.

134 433 266 466 num.
296 417 335 464 Ι.
361 428 408 465 et
429 417 709 467 Suetonium
733 418 782 465 in
805 418 935 482 Aug.
955 419 1011 466 V.

200 549 236 575 ³³
262 548 598 596 -Trz'bunatum
637 547 826 610 plebis]
900 546 1121 611 Hujusce
1165 551 1468 613 magistratfis

133 631 319 661 summa
363 617 640 669 auctoritas,
699 621 908 675 potestas
951 624 1266 662 sacrosancta.
1351 617 1469 665 Ideo

131 680 402 726 tribunatus
442 697 620 726 annum
659 680 819 742 quiete
855 688 903 725 et
925 681 1022 726 otio
1045 681 1246 737 transiit,
1282 698 1344 729 ne
1368 682 1467 730 Ne-

133 761 298 792 ronem
342 745 618 793 offenderet.
703 744 781 792 De
825 745 1059 808 dignitate
1098 746 1279 794 tribuni
1315 748 1468 810 plebis

106 812 284 871 -anlSa
305 812 450 858 habet
473 811 670 866 Plinius,
702 812 740 857 I.
779 811 870 874 Ep.
895 815 971 856 23.

193 942 231 973 ³4
263 942 544 989 Jurisdictio
567 940 856 1003 obt-enema]
913 941 1045 987 Inter
1081 950 1311 1004 praetores
1347 950 1464 995 emi-

104 1008 307 1068 ¹nebant
360 1017 541 1071 praetor
584 1005 809 1053 Urbanus
855 1015 903 1053 et
946 1016 1126 1069 praetor
1168 1012 1461 1074 peregrinus.

128 1073 216 1120 Ille
235 1073 357 1120 inter
372 1074 514 1129 cives,
548 1070 628 1120 hic
644 1074 766 1119 inter
780 1074 1072 1135 peregrinOS,
1099 1075 1171 1120 vel
1189 1079 1464 1140 peregrinos

126 1139 250 1185 inter
273 1148 321 1185 et
345 1140 470 1186 cives
484 1141 565 1202 jus
588 1139 802 1185 dicebat:
843 1137 920 1184 De
943 1155 1109 1185 eorum
1124 1142 1462 1202 jurisdictione

126 1205 235 1251 vide
267 1204 475 1259 Livium,
517 1202 714 1250 XXIV.
742 1205 818 1249 44.
888 1203 1019 1250 Talis
1050 1206 1324 1267 jurisdictio
1362 1226 1462 1259 non

124 1271 382 1320 obvenerat
405 1271 668 1334 Agricolae.
739 1269 815 1318 Ex
851 1270 906 1316 iis
945 1271 1133 1317 tantum
1173 1276 1461 1334 praetoribus
1529 1329 1532 1332 .

122 1335 228 1391 fuit,
266 1339 349 1399 qui
384 1336 732 1399 quaestionibus
766 1335 974 1397 publicis
1009 1347 1263 1398 praeerant.
1337 1341 1460 1388 Inde

120 1401 260 1448 facile
305 1403 348 1449 ei
393 1403 481 1449 suit
526 1402 781 1448 silentium.
830 1401 833 1404 ⁴
881 1401 1043 1448 Ludos
1086 1410 1266 1461 tamen,
1338 1421 1458 1469 quos

121 1468 261 1515 edere
297 1469 513 1515 solebant
548 1476 795 1530 praetores,
846 1467 1034 1528 aliaque
1066 1469 1260 1517 honoris
1295 1471 1457 1521 inania

118 1534 265 1581 modo
305 1534 499 1581 rationis
537 1542 681 1596 atque
720 1533 1028 1580 abundantiae
1069 1535 1223 1591 duxit,
1276 1542 1457 1599 quanto

117 1616 146 1645 a
168 1598 356 1647 luxuria
380 1600 619 1654 remotior,
656 1601 789 1645 tanto
810 1598 952 1645 famae
983 1601 1191 1661 propior.
1261 1601 1454 1665 Septem

119 1664 287 1712 diebus
304 1665 537 1712 solemnes
552 1665 688 1711 ludos
707 1664 1015 1711 celebrabant
1038 1673 1284 1727 praetores,
1319 1673 1455 1717 tanta

117 1739 278 1778 autem
321 1731 526 1786 luxuria,
585 1731 657 1779 vel
705 1731 808 1792 ipso
853 1739 1079 1792 vergente
1123 1732 1341 1795 imperio,
1398 1746 1454 1783 ut

116 1796 337 1843 immanis
351 1799 666 1860 pecuniarum
678 1796 746 1843 vis
762 1796 811 1841 in
827 1797 913 1842 hos
928 1795 1063 1842 ludos
1079 1797 1449 1860 impenderetur.

115 1860 241 1908 Vide
275 1860 519 1917 Photium,
569 1860 688 1908 Cod.
722 1859 940 1907 LXXX.
982 1877 1042 1907 ex
1082 1861 1449 1928 Olympiodoro.

116 1925 344 1975 Ceterum
365 1928 548 1974 honoris
573 1929 735 1973 inania
764 1929 892 1973 recte
928 1927 1050 1975 dixit
1087 1927 1310 1978 Tacitus:
1351 1933 1450 1979 vim

113 1994 243 2041 enim
265 1994 566 2056 magistratus
590 1993 873 2040 obtinebant
893 1993 1227 2055 Imperatores,
1251 1997 1388 2045 ludos
1403 2008 1451 2045 et

113 2060 306 2107 honoris
343 2060 503 2106 inania
545 2059 832 2121 praetoribus
875 2059 1231 2120 permittebant.
1303 2061 1449 2111 Unde

114 2123 328 2181 Boetius,
353 2124 545 2172 Cousol.
564 2123 838 2186 Philosoph.
863 2124 956 2170 111.
973 2141 1098 2186 pros.
1118 2126 1161 2171 4.
1187 2137 1448 2188 praeturam

110 2191 281 2241 merito
304 2191 530 2255 appellat,
573 2192 712 2237 inane
742 2206 921 2245 nomen,
947 2198 993 2236 et
1022 2194 1257 2240 senatorii
1287 2196 1449 2248 censfcs

108 2273 303 2320 gravem
329 2256 580 2304 sarcinam.

178 2387 214 2413 ³⁵
254 2385 405 2435 22(ch
462 2386 715 2452 Neronis]
785 2388 1019 2451 Agricola
1084 2390 1450 2453 diligentissima

113 2453 464 2515 conquisitione
509 2453 639 2509 fecit,
691 2462 745 2500 ut
782 2455 924 2510 dona,
973 2456 1164 2518 templis
1203 2456 1445 2520 adempta,

111 2535 224 2580 quae
272 2519 429 2565 adhuc
475 2528 788 2581 superessent,
838 2521 1029 2583 templis
1073 2523 1443 2571 restituerentur.

113 2585 191 2632 Ita
213 2585 485 2648 respublica
509 2586 649 2632 unius
671 2584 895 2643 Neronis,
948 2587 1030 2651 qui
1060 2587 1240 2651 templa
1274 2589 1445 2652 spolia=

764 2677 791 2714 p
