1668 3053
226 194 287 249 62
617 207 662 249 c,
686 206 942 251 CORNELH
971 211 1161 250 TAcrri

226 318 258 342 “
283 315 427 361 semel
461 322 683 370 veneunt,
719 322 861 378 atque
888 317 1011 363 ultro
1040 332 1068 361 a
1094 313 1299 360 dominis
1330 310 1550 356 aluntur?

226 401 259 422 “
285 393 531 441 Britannia
554 396 824 442 servitutem
839 414 971 443 suam
990 395 1202 458 quotidie
1218 391 1408 446 emit,2¹²
1427 405 1547 452 quo-·

225 484 258 505 “
283 477 397 523 tidie
420 477 585 538 pascit.
657 477 736 523 Ac
765 478 887 523 sicut
914 478 962 523 in
993 477 1169 523 familia
1197 475 1546 522 recentissimus

226 565 258 586 “
283 558 483 621 quisque
498 573 735 604 servorum
751 567 798 604 et
814 559 1048 605 conservis
1062 558 1266 604 ludibrio
1284 565 1375 603 est:
1415 557 1482 602 sic
1498 556 1548 602 in

225 650 257 672 “
284 645 376 691 hoc
401 645 526 691 orbis
543 652 771 690 terrarum
798 653 954 691 vetere
977 645 1223 699 famulatu,
1260 643 1367 689 novi
1392 658 1476 689 nos
1500 649 1548 688 et

226 733 258 754 “
285 727 397 774 viles
421 728 469 773 in
506 728 747 774 excidium
770 729 990 790 petimur.
1075 726 1248 790 Neque
1280 727 1409 773 enim
1440 742 1550 772 arva

224 816 257 836 “
283 810 493 864 nobis‚²¹³
529 817 611 856 aut
640 808 847 865 metalla,
884 817 965 855 aut
994 817 1156 870 portus
1198 816 1322 863 sunt,
1377 808 1550 870 quibus

224 895 257 919 “
279 892 557 939 exercendis
575 908 876 939 reservemur.
948 891 1114 938 Virtus
1133 908 1272 953 porro
1292 907 1348 938 ac
1373 891 1549 938 ferocia

224 975 258 1000 “
284 973 604 1034 subjectorum
639 973 826 1034 ingrata
853 973 1217 1035 imperantibus:
1278 981 1325 1019 et
1360 973 1547 1036 longin-

224 1061 256 1081 “
282 1055 435 1116 quitas
458 1070 515 1101 ac
544 1062 778 1100 secretum
807 1054 981 1116 ipsum,
1018 1057 1112 1116 quo
1147 1055 1312 1110 tutius,
1365 1057 1420 1101 eo
1451 1072 1549 1102 sus-

223 1137 257 1161 “
279 1137 480 1197 pectius.
554 1135 629 1181 Ita
646 1136 829 1182 sublata
851 1152 934 1198 spe
952 1136 1124 1190 veniae,
1161 1135 1354 1182 tandem
1373 1137 1544 1183 sumite
1579 1176 1582 1182 ,

223 1222 256 1243 “
281 1216 511 1272 animum,
546 1221 646 1262 tam
670 1217 842 1279 quibus
864 1216 1002 1272 salus,
1040 1219 1186 1279 quam
1211 1217 1382 1278 quibus
1396 1217 1548 1280 gloria

224 1305 257 1325 “
282 1298 521 1345 carissima
543 1306 626 1345 est.
695 1296 1090 1353 Trinobantes,²¹4
1137 1299 1314 1345 femina
1349 1298 1548 1354 duce,²¹5

223 1381 257 1405 ‘'‘
280 1396 477 1426 exurere
495 1379 805 1434 colonian1,2¹⁶

839 1395 1118 1443 expugnare
1138 1388 1306 1435 castra,
1343 1396 1418 1436 ac,
1456 1381 1547 1427 nisi

224 1466 257 1486 “
281 1460 480 1507 felicitas
516 1461 566 1506 in
602 1460 869 1507 socordiam
898 1462 1124 1517 vertisset,
1175 1477 1348 1509 exuere
1373 1463 1550 1525 jugum

224 1545 257 1569 ‘⁶
282 1549 503 1604 potuere:
556 1559 641 1588 nos
672 1542 842 1605 integri
866 1550 913 1588 et
936 1544 1171 1598 indomiti,
1208 1552 1255 1590 et
1284 1544 1552 1590 libertatem

225 1630 258 1652 “
285 1642 379 1671 uon
404 1625 451 1670 in
475 1624 730 1686 praesentia
747 1625 903 1679 laturi,
940 1627 1095 1687 primo
1111 1627 1270 1672 statim
1295 1642 1548 1688 congressu

224 1713 258 1734 “
282 1724 378 1753 non
405 1707 707 1754 ostendamus
738 1723 855 1768 quos
891 1707 978 1754 sibi
1016 1706 1277 1755 Caledonia
1321 1708 1443 1755 viros
1478 1724 1548 1755 se-

225 1796 258 1816 “
282 1789 491 1851 posuerit
506 1789 617 1835 ?''2'¹⁷

287 1928 518 1982 XXXII.
561 1943 594 1963 “
618 1935 702 1982 An
731 1936 947 1982 eamdem
980 1933 1204 1982 Romanis
1234 1936 1285 1981 in
1313 1935 1438 1982 bello
1461 1937 1551 1983 vir-

228 2025 259 2044 “
283 2026 452 2072 tutem,
490 2018 697 2079 quamin
718 2033 838 2078 pace
863 2017 1104 2064 lasciviam
1132 2017 1295 2064 adesse
1326 2018 1548 2064 creditis?

228 2106 258 2125 “
285 2098 470 2146 Nostris
507 2100 571 2144 illi
609 2099 978 2145 dissensionibus
1022 2114 1078 2145 ac
1123 2098 1371 2145 discordiis
1418 2099 1550 2155 clari,

228 2184 259 2208 “
285 2181 399 2227 'vitia
421 2180 628 2227 hostium
660 2180 708 2225 in
739 2181 938 2242 gloriam
974 2179 1210 2225 exercitus
1240 2179 1309 2225 sui
1339 2187 1550 2226 vertunt:

227 2267 259 2288 “
286 2272 429 2323 quem
461 2269 760 2307 contractum
785 2277 845 2307 ex
867 2260 1188 2307 diversissimis
1224 2261 1465 2322 gentibus,
1501 2268 1554 2307 ut

228 2345 259 2369 ‘⁶
286 2343 510 2389 secundae
529 2358 599 2388 res
617 2350 799 2397 tenent,
837 2342 904 2387 ita
921 2342 1127 2387 adversae
1147 2340 1422 2388 dissolvent:
1460 2341 1551 2387 nisi

226 2430 258 2450 “
284 2424 320 2470 si
369 2423 550 2478 Gallos,
608 2432 656 2469 et
693 2422 977 2478 Germanos,
1028 2431 1082 2468 et
1134 2422 1301 2483 (pudet
1339 2422 1553 2484 dictu)²¹⁸

226 2506 258 2532 “
284 2496 618 2551 Britannorum
634 2504 903 2567 plerosque,
921 2505 1034 2551 licet
1051 2503 1361 2551 dominationi
1378 2504 1547 2550 alienae

224 2586 257 2612 ‘⁶'
283 2587 564 2648 sanguinein
585 2586 966 2640 omninodent,‘·'¹⁹
1003 2585 1181 2632 diutius
1210 2593 1370 2633 tamen
1388 2587 1553 2633 ‘hostes

221 2672 256 2695 “
280 2671 426 2730 quam
471 2679 640 2724 servos²
696 2668 792 2715 fide
838 2678 884 2716 et
927 2667 1102 2715 affectu
1145 2668 1291 2716 teneri
1360 2667 1562 2730 putatis:
