1668 3053
360 191 430 227 AD
456 189 555 227 LIB.
583 189 654 225 DE
680 189 916 227 MORIBUS
941 191 1333 229 GERMANORUM.
1409 188 1498 238 117

267 292 318 321 ¹¹4
356 290 514 337 Ceteri
540 291 905 353 robustioribus]
942 290 1066 338 Vide
1087 290 1235 338 Notas
1259 301 1305 339 et
1327 293 1497 340 Emen-

199 354 411 402 dationes
454 356 512 401 ad
551 371 655 417 cap.
693 359 762 400 13.
831 354 949 402 Mss.
977 366 1024 401 et
1045 357 1150 402 libri
1173 358 1303 411 editi,
1339 360 1499 404 ceteris

200 421 541 466 robustioribus.
612 418 756 468 Quod
780 420 970 481 quidem
1003 421 1190 482 plurimi
1227 421 1500 477 defendunt,

199 485 333 545 quasi
368 484 717 537 adolescentuli,
751 483 1072 557 dignationem
1107 485 1331 558 principis
1368 487 1500 532 nobi-

196 547 327 594 litate
361 558 408 595 et
441 548 624 610 magnis
655 556 843 609 patrum
876 550 1051 595 meritis
1086 551 1301 604 assecuti,
1338 552 1503 598 ceteris

197 613 533 660 robustioribus
551 621 927 674 aggregarentur.
985 613 1150 659 Cont1
1135 629 1162 658 a
1176 630 1203 659 v
1207 616 1283 660 ero
1298 613 1501 677 Lipsius,

199 675 557 731 Freinshemius,
625 676 908 738 Conringius
972 687 1018 723 et
1086 677 1324 733 Ernestus,
1391 680 1504 725 vitio

195 741 492 788 librariorum
520 742 680 788 locum
708 742 923 787 luxatum
953 750 1138 804 putant,
1175 751 1222 787 et
1245 743 1505 805 corrigunt,

197 807 355 852 cetetz
425 806 484 852 Id
533 807 658 852 certe
708 806 930 866 postulat,
987 807 1087 867 ipsa
1136 822 1290 853 rerum
1349 808 1503 853 series.

199 867 326 916 Mox
377 887 463 933 pro
515 878 849 933 aggregantur,
918 872 969 917 in
1012 879 1164 916 vetere
1212 871 1331 917 libro
1383 872 1507 934 apud

201 932 432 997 Lipsium‚
463 943 735 1000 aggregant.
774 935 865 981 Ed.

265 1065 316 1090 ¹¹⁵
350 1065 487 1111 Inter
508 1063 733 1125 comitem]
772 1063 980 1111 Comites
1009 1064 1125 1118 illos,
1168 1064 1502 1129 Compagnons‚

200 1131 326 1176 recte
356 1130 493 1176 vertit
514 1129 586 1175 Cl
614 1129 672 1174 de
689 1127 1053 1192 &Iontesquieu3
1091 1138 1137 1175 et
1162 1129 1220 1175 ad
1243 1130 1380 1191 hujus
1416 1133 1503 1178 aevi

199 1210 350 1240 mores
398 1195 626 1256 apposite.
709 1193 957 1240 Germanis
1005 1193 1171 1247 Gesell,
1228 1206 1506 1258 compagnon

200 1259 244 1303 d‘
251 1274 307 1303 αι
311 1275 414 1305 mes
485 1258 528 1304 Γ
531 1267 641 1305 anta
684 1261 790 1304 vero
834 1259 959 1330 apud
1012 1257 1275 1304 Germanos
1323 1259 1506 1306 illorum

201 1324 429 1370 comitum
483 1323 572 1369 fuit
635 1323 935 1377 existimatio,
1001 1332 1055 1368 ut
1097 1323 1132 1368 si
1182 1322 1508 1371 occiderentur

200 1388 553 1442 laederenturve,
609 1388 749 1449 triplo
800 1389 965 1448 major,
1027 1402 1170 1448 quam
1212 1402 1297 1449 pro
1342 1389 1507 1434 ceteris

200 1453 418 1514 ingenuis
465 1452 733 1499 hominibus
784 1453 1002 1499 solvenda
1045 1461 1163 1498 esset
1208 1452 1504 1512 compositio,

201 1525 254 1562 ut
294 1517 555 1564 videbimus
586 1516 702 1562 infra
741 1518 789 1562 in
828 1515 966 1563 Notis
1005 1526 1050 1561 et
1085 1515 1506 1564 Emendationibus

201 1582 259 1627 ad
275 1597 378 1644 cap.
401 1585 476 1627 21.
515 1582 594 1627 ubi
618 1580 676 1626 de
699 1581 1061 1628 homicidiorum
1076 1582 1226 1644 pretio
1245 1581 1472 1628 dicemus.

267 1711 318 1736 ¹¹⁶
352 1711 470 1758 Haec
529 1710 750 1772 dignitas,
806 1711 873 1756 lue
932 1711 1092 1772 vires]
1153 1710 1302 1758 Hunc
1346 1709 1506 1757 locum

202 1785 440 1837 caputque
463 1791 660 1838 sequens
682 1775 827 1821 ferme
860 1775 1094 1836 integrum
1126 1777 1244 1822 mira
1279 1774 1506 1822 brevitate

202 1849 250 1885 et
285 1840 516 1901 elegantia
550 1840 686 1885 vertit
721 1839 792 1885 Cl.
833 1841 890 1885 de
929 1839 1283 1902 Montesquieu,
1343 1839 1507 1898 Esprit

204 1905 432 1958 desLozIz‘,
480 1902 653 1950 XXX.
691 1908 736 1950 3.
808 1905 980 1950 Illustri
1013 1905 1229 1966 exemplo
1269 1903 1506 1950 Gallicam

200 1970 412 2031 linguam
446 1969 607 2015 latinae
641 1967 1032 2031 Cornelianaeque
1055 1970 1269 2016 brevitati
1290 1984 1384 2015 non
1408 1985 1504 2017 esse

202 2050 444 2096 imparem.

268 2165 318 2188 ¹¹⁷
353 2163 657 2227 Prossigant]
697 2162 842 2211 Paene
886 2163 1159 2211 conficiunt.
1243 2163 1321 2210 De
1363 2164 1504 2210 verbo

195 2230 449 2290 profligare
486 2230 664 2276 dictum
701 2232 840 2290 supra
877 2228 1003 2275 Hist.
1035 2229 1101 2275 ΙΙ.
1141 2230 1185 2274 4.
1255 2228 1356 2274 Diu
1379 2229 1504 2290 apud

203 2308 287 2339 nos
319 2294 469 2354 viguit
512 2295 623 2341 haec
665 2294 892 2340 comitum
934 2294 1150 2355 dignitas,
1211 2294 1320 2340 haec
1365 2294 1501 2339 fama.

205 2355 435 2419 Resurgat
457 2359 506 2404 in
528 2358 740 2420 ephebeo
757 2358 958 2412 militari,
997 2358 1172 2405 l'Ecole
1187 2358 1440 2404 militaire!

274 2487 322 2511 ¹¹⁸
358 2485 663 2546 Superstitem
681 2489 889 2547 principi
918 2487 1036 2550 sua]
1076 2487 1193 2533 Inde
1234 2490 1343 2534 cum
1378 2487 1503 2534 Cho-

208 2552 502 2607 nodomarus,
538 2552 910 2601 Alamannorum
933 2570 1030 2608 rex,
1066 2551 1327 2600 aRomanis
1350 2553 1506 2600 fuisset
