1668 3053
577 182 859 219 malcomi.
1312 176 1376 226 47

68 284 277 330 extrema
302 281 558 329 Britanniae
581 292 713 345 parte
737 284 941 337 brevisf'ss'
975 291 1029 329 ut
1053 283 1200 330 finem
1235 291 1376 346 atque

71 363 384 410 initiumlucis
399 366 572 426 exiguo
587 364 854 410 discrimine
869 365 1167 410 internoscas.
1190 371 1221 389 ‘⁶
1236 362 1381 413 Quod

73 450 107 470 ‘⁶
129 444 166 489 si
189 444 338 490 nubes
360 461 455 490 non
473 445 699 499 officiant,
735 445 882 506 aspici
919 460 1003 504 per
1045 454 1235 490 noctem
1264 442 1381 490 Solis

75 531 106 551 “
131 523 376 585 fulgorem,
443 541 532 571 nec
588 525 806 571 occidere
853 533 900 571 et
964 540 1228 586 exsurgere,
1303 525 1384 570 sed

74 611 108 632 “
132 605 357 651 transire''
394 604 668 650 adfirmant:
707 604 888 650 scilicet
909 613 1121 650 extrema
1156 612 1202 650 et
1239 603 1385 665 plana

71 684 353 738 terrarum,⁹⁰
389 684 551 730 humili
584 685 767 738 umbra,
804 699 899 729 non
938 684 1127 744 erigunt
1150 684 1382 737 tenebras,

73 764 284 826 infraque
329 766 500 811 caelum
549 773 596 811 et
645 765 796 811 sidera
848 781 943 813 nox
996 765 1136 811 cadit.
1206 764 1381 820 Solum,

69 853 243 909 praeter
256 845 406 891 oleam
422 846 674 908 vitemque,
699 854 746 891 et
762 853 918 893 cetera
936 845 1234 893 calidioribus
1251 844 1391 890 terris-

71 925 179 972 oriri
227 934 373 980 sueta,
438 926 621 988 patiens
673 926 878 987 frugum,
926 926 1202 973 fecundum:
1253 925 1384 973 tarde

72 1005 341 1061 mitescunt,
379 1007 472 1052 cito
494 1007 796 1068 proveniunt:
849 1007 1107 1068 eademqne
1140 1006 1384 1069 utriusque

75 1085 142 1131 rei
158 1102 313 1140 causa,
350 1086 524 1132 multus
547 1088 715 1133 humor
730 1096 973 1141 terrarum,
1010 1088 1225 1149 caelique.
1277 1086 1386 1134 Fert

75 1165 321 1214 Britannia
355 1185 536 1224 aurum,
573 1178 620 1214 et
658 1171 959 1230 ai·ge11tu1n‚⁹¹
996 1178 1042 1214 et
1065 1169 1155 1214 alia
1179 1169 1383 1224 metalla,

75 1249 280 1313 pretium
302 1249 535 1296 victoriae:
572 1251 727 1312 gignit
750 1259 797 1296 et
826 1249 1051 1296 Oceanus
1075 1251 1384 1312 margarita‚⁹2

76 1330 158 1375 sed
187 1330 406 1376 subfusca
428 1346 482 1376 ac
515 1331 718 1377 liventia.
792 1331 1003 1380 Quidam
1042 1340 1190 1378 artem
1226 1333 1386 1381 abesse

74 1410 339 1472 legentibus
362 1412 658 1466 arbitrantur,
696 1428 806 1459 nam
829 1415 878 1458 in
901 1414 1041 1459 rubro
1060 1415 1176 1459 mari
1202 1413 1305 1458 viva
1328 1429 1385 1458 ac

77 1492 301 1553 spirantia
321 1493 444 1538 saxis
466 1494 615 1547 avelli,
653 1494 702 1538 in
733 1493 994 1548 Britannia,
1029 1503 1169 1554 prout
1192 1494 1387 1555 expulsa

77 1575 223 1628 sint,⁹⁰'
274 1576 453 1637 colligi:
505 1592 594 1637 ego
635 1576 817 1621 facilius
857 1576 1135 1622 crediderim
1173 1585 1386 1624 naturam

77 1657 338 1717 margaritis
368 1656 543 1712 deesse,
580 1661 723 1719 quam
741 1657 876 1703 nobis
899 1658 1196 1703 avaritiams⁰⁴

139 1823 289 1870 XIII.
327 1824 425 1885 Ipsi
464 1824 676 1870 Britanni
721 1824 976 1875 delectum,
1013 1838 1068 1868 ac
1114 1823 1304 1876 tributa,
1341 1830 1387 1868 et

78 1905 293 1965 injuncta
305 1905 488 1966 imperii
504 1922 699 1951 munera
713 1906 912 1966 impigre
927 1905 1120 1957 obeunt,
1146 1904 1181 1948 si
1201 1904 1245 1948 in
1242 1920 1262 1964 J
1270 1904 1385 1949 uriae

80 1985 254 2031 absint:
292 1987 374 2032 has
393 2002 519 2048 aegre
545 1986 763 2040 tolerant,
790 1986 893 2047 jam
918 1984 1084 2030 domiti
1106 1992 1155 2029 ut
1174 1991 1384 2043 pareant,

78 2067 288 2112 nondum
315 2076 367 2112 ut
395 2068 608 2113 serviant.
680 2065 831 2128 Igitur
852 2067 1032 2127 primus
1054 2065 1268 2110 omnium
1293 2063 1385 2110 Ro-

80 2163 327 2194 manorum
356 2148 487 2194 divus
508 2146 537 2193 J
541 2148 698 2194 ulius⁹³
724 2163 834 2192 cum
857 2148 1069 2193 exercitu
1095 2145 1388 2195 Britanniam

80 2228 329 2290 ingressus,
385 2245 673 2291 quamquam
714 2228 936 2289 prospera
974 2227 1136 2288 pugna
1173 2226 1389 2272 terruerit

79 2313 272 2368 incolas,
285 2331 339 2361 ac
354 2314 488 2360 litore
500 2315 677 2375 potitus
691 2314 765 2367 sit,
777 2320 931 2373 potest
942 2311 1085 2357 videri
1101 2311 1388 2356 obstendisse

80 2396 293 2454 posteris,
327 2411 424 2442 non
450 2395 705 2442 tradidisse.
776 2393 901 2440 Mox
924 2393 1046 2439 bella
1069 2393 1238 2445 civilia,
1273 2399 1320 2437 et
1340 2392 1387 2439 in

83 2475 425 2535 rempublicam
463 2492 595 2521 versa
640 2474 918 2534 Principum
965 2489 1109 2525 arma,
1159 2488 1214 2518 ac
1246 2472 1388 2532 longa

84 2555 255 2602 oblivio
275 2555 534 2603 Britanniae
559 2555 700 2602 etiam
719 2556 766 2602 in
790 2571 923 2617 pace.
995 2560 1028 2585 =“
1053 2551 1387 2601 Consilium''⁹⁶
