1668 3053
649 141 652 144 ’
674 164 956 202 Acmcom.
1407 159 1470 207 39

162 266 333 312 curitas
351 265 598 326 publica‚¹³
632 266 709 311 sed
727 267 870 327 ipsius
888 268 982 313 voti
999 266 1239 321 fiduciam,
1259 281 1315 311 ac
1331 268 1471 314 robur

159 346 487 406 adsumpserit:
525 347 689 391 natura
718 355 877 392 tamen
908 346 1191 392 infirmitatis
1226 348 1466 404 humanae,

158 428 362 474 tardiora
395 438 503 474 sunt
531 429 750 482 remedia,
786 432 931 490 quam
951 429 1075 474 mala
1086 449 1099 483 3
1136 438 1182 473 et
1199 437 1251 473 ut
1275 445 1472 490 corpora

156 509 282 554 lente
315 518 590 570 augescunt,
635 510 731 556 cito
765 511 1143 571 exstinguuntur,
1179 509 1246 554 sic
1280 510 1469 570 ingenia

157 590 404 650 studiaque
442 591 722 651 oppresseris
759 591 955 644 facilius,
994 592 1138 651 quam
1164 592 1466 637 revocaveris.

155 669 289 718 Subit
307 673 484 733 quippe
502 674 644 718 etiam
660 672 805 733 ipsius
819 673 1000 718 inertiae
1020 672 1240 717 dulcedo:
1261 682 1308 718 et
1323 673 1470 719 invisa

156 753 307 813 primo
351 753 544 807 desidia,
594 755 826 814 postremo
871 762 1064 798 amatur.
1135 750 1267 800 Quid
1295 754 1348 807 si,
1383 770 1469 814 per

157 832 431 893 quindecim
457 836 660 887 annos&
692 832 867 894 grande
897 833 1102 878 mortalis
1132 833 1219 878 aevi
1244 835 1464 894 spatium,

156 912 292 957 multi
350 913 552 958 fortuitis
595 913 796 966 casibus,
853 912 1224 974 promptissimus
1267 914 1465 976 quisque

157 993 335 1039 saevitia
365 991 599 1054 Principis
623 992 990 1038 interciderunt?
1027 991 1191 1047 Pauci,
1228 1002 1291 1048 et,
1328 1003 1380 1039 ut
1401 996 1466 1041 ita

156 1073 371 1128 dixerim,
428 1088 524 1118 non
572 1073 712 1118 modo
750 1073 964 1126 aliorum,
1014 1073 1095 1119 sed
1132 1074 1275 1118 etiam
1321 1076 1465 1121 nostri

154 1155 422 1216 superstites
438 1171 620 1210 sumus,
657 1156 889 1216 exemptis
904 1170 929 1200 e
945 1155 1099 1200 media
1117 1155 1212 1201 vita
1225 1165 1296 1202 tot
1313 1157 1462 1211 annis,

157 1238 327 1300 quibus
358 1238 557 1299 juvenes
593 1238 653 1285 ad
691 1246 997 1293 senectutem,
1054 1254 1186 1284 senes
1223 1241 1369 1300 prope
1406 1240 1467 1286 ad

155 1318 281 1379 ipsos
311 1327 495 1365 exactae
529 1319 681 1364 aetatis
714 1320 939 1365 terminos
975 1334 1058 1380 per
1080 1318 1315 1364 silentium
1337 1321 1463 1366 veni-

152 1417 280 1447 mus:
318 1417 413 1446 non
448 1410 606 1447 tamen
641 1402 840 1463 pigebit,
874 1403 947 1447 vel
985 1401 1229 1448 incondita
1267 1417 1325 1447 ac
1359 1403 1463 1451 rudi

151 1497 286 1535 voce,
320 1482 596 1527 memoriam
613 1483 779 1542 prioris
795 1482 1041 1536 servitutis,
1067 1497 1122 1527 ac
1141 1483 1463 1528 testimonium

153 1562 460 1622 praesentium
476 1561 706 1607 bonorum
725 1563 1096 1623 composuisse.¹5
1163 1561 1261 1607 Hic
1279 1563 1463 1608 interim

154 1642 273 1688 liber
315 1642 479 1689 honori
513 1642 774 1703 Agricolae,
826 1644 973 1688 soceri
1031 1643 1141 1696 mei,
1189 1642 1460 1697 destinatus,

152 1723 438 1785 professione
454 1723 639 1783 pietatis
654 1732 734 1768 aut
749 1723 962 1770 laudatus
978 1724 1079 1778 erit,
1097 1732 1177 1769 aut
1195 1733 1455 1770 excusatus.

218 1884 306 1931 IV.
343 1883 519 1931 Cnaeus
553 1883 706 1931 Julius
742 1886 988 1948 Agricola,
1039 1887 1182 1933 veteri
1219 1895 1267 1932 et
1298 1886 1460 1932 illustri

157 1967 584 2030 Forojuliensium¹⁶
629 1969 813 2014 colonia
844 1978 986 2023 ortus,
1043 1978 1294 2030 utrumque
1319 1985 1462 2015 avum

153 2058 504 2111 procuratorem
539 2048 818 2095 Caesarum¹⁷
858 2051 1043 2096 habuit:
1082 2067 1191 2113 quae
1236 2051 1461 2112 equestris

152 2129 370 2175 nobilitas
414 2139 505 2176 est:
555 2138 688 2190 pater
723 2128 876 2176 Julius
913 2129 1202 2178 Graecinus¹⁸
1242 2130 1459 2178 senatorii

152 2212 342 2268 ordinis,
401 2214 553 2260 studio
600 2214 884 2276 eloquentiae
929 2216 1269 2278 sapientiaeque
1302 2224 1457 2268 notus,

151 2293 301 2355 iisque
356 2294 602 2341 virtutibus
654 2295 771 2341 iram
819 2295 924 2342 Caii
964 2295 1205 2359 ‘Caesarisw
1247 2297 1453 2343 meritus.

152 2370 373 2435 Namque
422 2372 648 2421 Marcum
682 2373 890 2422 Silanum
934 2392 1154 2424 accusare
1183 2379 1357 2438 jussus,
1393 2384 1457 2430 et,

154 2454 265 2515 quia
278 2456 520 2511 abnuerat,
539 2457 809 2504 interfectus
822 2467 905 2504 est.
942 2457 1104 2505 Blater
1118 2458 1145 2505 J
1151 2459 1245 2505 ulia
1258 2457 1459 2505 Procilla

155 2533 257 2588 fuit,
282 2551 396 2581 rarae
419 2537 666 2584 castitatis:
691 2537 741 2583 in
759 2539 896 2600 hujus
911 2539 1014 2585 sinu
1038 2537 1461 2601 indulgentiaque&
