1668 3053
614 175 896 213 AGRICOLA.
1350 169 1405 218 71

112 291 300 332 nomen,
336 293 474 339 grave
510 276 630 324 inter
655 277 845 331 otiosos,
881 277 981 323 aliis
1016 277 1261 324 virtutibus
1294 286 1414 323 tem-

109 369 308 422 peraret,
344 360 729 422 tranquillitatem
747 371 887 422 atque
901 362 1048 407 otium
1063 361 1250 421 penitus
1265 362 1413 416 auxit,

112 442 242 488 cultu
285 441 515 496 modicus,
564 458 775 489 sermone
810 441 973 496 facilis,
1025 459 1118 488 uno
1155 451 1234 488 aut
1271 443 1415 489 altero

111 521 368 567 amicorum
403 522 674 568 comitatus:
728 522 844 568 adeo
879 531 931 567 ut
966 522 1192 582 plerique,
1245 523 1417 582 quibus

110 614 306 665 magnos
327 604 447 650 viros
470 620 555 664 per
572 606 932 653 ambitionem27³
952 607 1182 652 aestimare
1204 622 1304 652 mos
1326 615 1413 660 est,

110 684 208 730 viso
258 692 545 745 aspectoque
595 685 839 746 Agricola,
908 695 1173 747 quaererent
1225 686 1416 742 samam,

109 765 250 826 pauci
274 766 759 826 interpretarenturss74

173 910 312 958 XLI.
349 909 528 957 Crebro
561 927 645 972 per
681 928 760 958 eos
792 911 888 958 dics
925 912 1050 974 apud
1086 911 1417 959 Domitianum

112 994 277 1039 absens
319 1001 582 1046 accusatus,
640 993 806 1040 absens
847 995 1084 1040 absolutus
1123 1004 1213 1040 est:
1277 1011 1419 1041 causa

112 1073 309 1135 periculi
364 1089 459 1118 non
507 1073 686 1119 crimen
730 1075 893 1129 ullum,
964 1084 1044 1120 aut
1086 1075 1272 1136 querela
1317 1076 1419 1121 laesi

114 1156 409 1216 cujusquam,
458 1155 538 1203 sed
574 1156 779 1202 infensus
814 1157 1059 1203 virtutibus
1094 1156 1337 1218 Princeps,
1374 1166 1421 1203 et

111 1236 261 1298 gloria
284 1237 384 1289 viri,
423 1251 477 1282 ac
511 1237 765 1297 pessimum
788 1237 1084 1283 inimicorum
1123 1254 1287 1298 genus,
1322 1238 1420 1282 lau-

114 1317 350 1362 dantes.275
399 1316 459 1362 Et
477 1333 532 1363 ea
552 1318 762 1364 insecuta
777 1325 883 1364 sunt
900 1305 1175 1378 reipublicae
1191 1327 1421 1378 tempora,

115 1413 224 1459 quae
250 1398 370 1443 sileri
394 1398 670 1460 Agricolam
701 1414 796 1444 non
829 1399 1053 1444 sinerent:
1089 1406 1159 1444 tot
1190 1399 1423 1444 exercitus

115 1478 164 1524 in
188 1478 365 1525 Moesia
390 1479 654 1541 Daciaque,
691 1488 737 1525 et
774 1479 1028 1525 Germania
1064 1478 1421 1539 Pannoniaque,

113 1561 376 1607 temeritate
408 1570 487 1607 aut
518 1577 602 1622 per
623 1561 858 1622 ignaviam
881 1561 1057 1606 ducum
1081 1559 1319 1606 amissiz²⁷6
1354 1570 1425 1605 tot

114 1643 335 1688 militares
358 1643 441 1688 viri
475 1657 584 1687 cum
618 1651 688 1688 tot
727 1643 996 1688 cohortibus
1035 1642 1349 1703 expugnati2⁷⁷
1378 1651 1426 1687 et

119 1725 268 1786 capti:
308 1741 394 1771 nec
410 1725 511 1785 jam
534 1724 591 1770 de
615 1724 764 1770 limite
791 1724 973 1784 imperii
994 1732 1039 1769 et
1063 1723 1239 1784 ripam
1264 1723 1343 1769 sed
1367 1722 1426 1769 de

116 1805 322 1850 hibernis
344 1805 584 1866 legionum
609 1815 654 1850 et
677 1805 968 1866 possessione
999 1803 1280 1849 dubitatum.
1352 1803 1428 1849 Ita

119 1886 229 1930 cum
253 1885 425 1931 damna
447 1886 627 1930 damnis
667 1885 1066 1938 continuarentur,
1103 1894 1244 1945 atque
1276 1884 1427 1929 omnis

118 1982 266 2011 annus
301 1966 537 2012 funeribus
579 1975 625 2011 et
665 1966 875 2012 cladibus
911 1965 1225 2026 insigniretur,
1263 1980 1427 2025 posce-

118 2047 256 2092 batur
301 2063 379 2092 ore
424 2047 551 2107 vulgi
599 2046 695 2091 (lim
736 2045 987 2107 Agricola:
1049 2045 1430 2106 comparantibus

125 2127 308 2172 cunctis
326 2127 551 2188 vigorem,
598 2127 928 2179 constantiam,
964 2134 1011 2170 et
1040 2134 1286 2186 expertum
1303 2124 1433 2169 bellis

121 2211 348 2265 animum,
375 2227 483 2256 cum
500 2211 665 2256 inertia
682 2220 728 2256 et
742 2210 989 2255 formidine
1006 2225 1181 2255 eorum.
1244 2206 1432 2255 Quibus

125 2293 415 2338 sermonibus
447 2293 555 2338 satis
594 2300 775 2337 constat
799 2289 1062 2335 Domitiani
1086 2305 1276 2351 quoque
1299 2303 1431 2334 aures

125 2372 402 2427 verberatas,
432 2373 544 2418 dum
560 2372 764 2433 optimus
781 2371 978 2432 quisque
990 2370 1261 2415 libertorum
1278 2383 1436 2414 amore

127 2460 173 2497 et
193 2451 300 2506 fide,
335 2451 523 2513 pessimi
548 2451 840 2512 malignitate
865 2460 909 2496 et
932 2450 1092 2502 livore,
1127 2464 1329 2510 pronum
1354 2451 1433 2496 de-

132 2532 377 2579 terioribus
392 2531 659 2594 Principem
678 2531 1055 2578 exstimulabant.
1124 2529 1197 2574 Sic
1212 2528 1438 2590 Agricola
