1668 3053
354 191 427 228 AD
455 191 632 228 VITAM
670 189 759 228 CN.
787 193 898 231 σοι.
928 194 1227 232 AGRICOLAE.
1367 190 1456 237 241

132 294 307 358 quibus
330 295 550 341 adversus
572 292 811 341 Romanos
840 295 966 342 varia
1002 296 1188 342 fortuna
1228 307 1462 348 certatum

131 369 220 421 est,
258 374 391 422 spem
407 360 600 406 alteram
618 376 674 406 ac
700 361 960 407 subsidium
986 377 1196 422 praesens
1220 365 1463 413 habebant

127 426 179 472 in
194 427 363 472 nostris
378 425 665 479 civitatibus,
703 424 762 469 ad
780 441 897 486 quas
916 427 1189 488 confugere,
1226 429 1461 479 innostris

128 491 367 546 manibus,
426 506 538 554 quae
585 490 770 536 hostem
816 492 1006 537 vincere
1050 500 1286 553 poterant.
1359 494 1467 543 Nos'

129 557 276 612 enim,
311 557 457 603 totius
485 554 747 601 Britanniae
772 557 1066 611 nobilissimi,
1103 560 1254 619 eoque
1280 561 1328 605 in
1347 561 1461 622 ipsis

127 621 466 685 penetralibus,
503 635 676 682 nempe
714 622 762 666 in
793 619 1068 676 Caledonia,
1107 623 1328 679 l'Ecosse,
1366 627 1459 681 siti,

129 703 220 735 nec
239 686 541 733 servientium
559 684 804 732 Gallorum
821 686 957 733 litora
974 689 1275 749 aspicientes,
1296 691 1460 739 oculos

128 767 322 816 quoque
353 768 382 798 a
412 760 640 798 contactu
675 750 908 798 Romanae
939 754 1275 802 dominationis
1310 757 1458 804 invio-

125 818 245 865 latos
286 817 592 864 habebamus.
675 815 793 872 Nos,
853 826 1082 864 terrarum
1125 836 1181 865 ac
1228 821 1458 870 libertatis

126 893 380 938 extremos,
417 898 626 929 recessus
658 883 757 944 ipse
786 898 842 929 ac
875 884 1002 929 sinus
1032 885 1172 931 famae
1214 887 1460 945 (audacter

130 960 179 997 et
225 950 416 1012 egregie
459 949 661 1002 dictum,
714 955 766 994 ut
804 957 1033 995 terrarum
1073 966 1129 997 ac
1170 951 1311 997 l'amae
1351 953 1460 1000 finis

126 1016 439 1079 exprimatur)
477 1014 526 1060 in
550 1015 679 1060 hunc
702 1014 829 1060 diem
852 1014 1076 1062 defendit.

191 1150 247 1179 ²0⁵
282 1149 426 1198 Nunc
458 1147 729 1213 terminus]
782 1148 858 1194 Ita
893 1149 999 1196 libri
1037 1166 1201 1197 omnes
1226 1152 1389 1215 scripti
1413 1161 1461 1200 et

124 1215 257 1263 editi.
326 1216 398 1262 At
433 1215 578 1261 alium
611 1215 864 1262 verborum
888 1215 1102 1261 ordinem
1126 1218 1335 1278 postulat
1360 1220 1461 1281 ipse
1511 1235 1514 1239 ·

126 1298 315 1338 sensus3
352 1290 400 1328 et
423 1280 702 1342 legendum:
748 1279 848 1326 Nos
874 1287 1113 1327 terrarum
1141 1298 1196 1328 ac
1221 1283 1461 1332 liber-[aris

125 1355 371 1403 extremos,
408 1357 611 1393 recessus
636 1347 731 1404 ipse
755 1362 810 1392 ac
833 1347 961 1392 sinus
969 1347 1122 1405 famae
1137 1348 1183 1392 in
1200 1347 1319 1395 lzmze
1336 1350 1459 1396 diem

126 1413 365 1469 defendit.-
422 1420 565 1473 atque
595 1427 727 1457 omne
751 1413 957 1475 ignotum
977 1424 1068 1472 pro
1092 1415 1338 1477 magnifico
1362 1424 1455 1462 est:

125 1478 208 1525 sed
246 1495 366 1525 nunc
395 1479 631 1524 *terminus
671 1476 938 1523 Britannice
967 1485 1134 1537 patet:
1190 1481 1318 1527 mclla
1352 1484 1458 1540 jam

126 1542 259 1590 ultrei
278 1560 409 1607 gens,
447 1544 566 1589 nihil
589 1543 873 1602 rzz'sz‘fluctus
890 1550 937 1589 et
953 1560 1095 1590 saxa:
1134 1552 1177 1591 el
1197 1547 1459 1604 infestiores

126 1609 359 1664 Romani,-
398 1608 448 1655 id
471 1617 557 1663 est,
594 1608 821 1655 fluctibus
844 1610 1064 1673 saxisque
1088 1610 1292 1658 seriores.

190 1743 246 1770 2⁰⁶
280 1742 352 1790 Et
374 1740 552 1807 mare]
608 1741 666 1788 Id
705 1751 776 1789 est
816 1743 960 1789 etiam
999 1759 1130 1790 mare
1169 1753 1453 1793 scrutantur.

124 1808 266 1857 Certe
282 1807 485 1855 Romani
502 1825 632 1856 mare
647 1810 995 1863 scrutabantur,
1015 1810 1124 1856 cum
1143 1808 1454 1869 Britanniam,

125 1891 182 1921 ac
206 1874 417 1922 maxime
440 1873 770 1928 Caledoniam,
807 1882 1037 1935 peterent.

189 2008 244 2035 ²⁰⁷
281 2006 382 2054 Soli
415 2007 659 2071 omnium]
712 2006 787 2053 Ex
811 2006 1033 2055 omnibus
1057 2009 1328 2058 hominibus
1353 2011 1452 2059 soli.

131 2073 350 2120 Omnium
375 2074 434 2121 ad
458 2090 572 2136 opes
596 2090 657 2119 ne
680 2073 869 2120 referas.

185 2207 242 2233 2⁰⁸
276 2207 451 2254 Pacem
479 2205 760 2268 appellant]
807 2206 927 2254 Inde
951 2208 999 2253 in
1023 2208 1332 2270 scriptoribus
1356 2218 1456 2256 tam

121 2288 255 2334 saepe
279 2273 489 2319 occurrit
520 2285 619 2331 pax
645 2272 883 2318 Romana:
922 2283 969 2319 et
993 2275 1042 2319 in
1066 2275 1271 2321 nummis
1295 2273 1452 2321 PAX.

120 2335 266 2385 PAX
299 2335 500 2384 ORBlS
533 2336 938 2384 TERRARUM.

182 2470 240 2497 ²⁰⁹
274 2469 406 2516 Alibi
425 2469 695 2534 servilem-22]
734 2470 792 2517 Id
818 2469 1044 2531 Romanis
1070 2481 1283 2529 cautum,
1319 2488 1380 2519 ne
1405 2473 1455 2520 in

122 2536 276 2597 patria
301 2536 561 2583 turbarent,

770 2628 801 2664 R
