1668 3053
257 259 317 307 68
643 274 690 310 c.
712 274 967 312 CORNELII
993 274 1184 310 T2xc1T1

258 380 461 419 catervae
479 377 820 421 armatorum2³4
847 376 1148 437 paucioribus
1171 382 1304 435 terga
1324 380 1566 435 praestare,

258 453 452 514 quidam
489 455 687 502 inermes
721 457 842 503 ultro
881 471 1028 509 ruere,
1065 470 1121 500 ac
1145 471 1193 500 se
1216 455 1355 501 morti
1386 454 1566 501 offerre.

259 532 439 580 Passim
481 553 627 592 arma,
691 546 739 584 et
781 554 995 599 corpora,
1048 545 1096 583 ct
1139 536 1280 582 laceri
1323 543 1466 591 artus,
1524 544 1573 582 et

261 626 457 662 cruenta
473 619 664 665 humus:
701 628 749 665 et
778 619 1030 680 aliquando
1059 618 1202 665 etiam
1230 618 1367 664 victis
1395 617 1463 663 ira
1483 617 1572 664 vir-

258 705 450 761 tusque:
477 709 728 763 postquam
743 701 864 747 silvis
887 699 1343 762 appropinquarunt,
1369 697 1575 752 collecti,

260 781 437 840 primos
459 783 774 844 sequentium,
811 783 1024 828 incautos
1058 789 1106 826 et
1128 781 1339 828 locorum
1369 780 1574 840 ignaros,

261 861 709 909 circumveniebant.
747 862 889 912 Quod
911 864 959 909 ni
987 863 1206 924 frequens
1233 862 1410 923 ubique
1433 862 1576 924 Agri-

261 944 383 997 cola,
418 944 593 991 validas
607 953 655 991 et
671 945 918 1007 expeditas
934 945 1150 991 cohortes
1168 943 1403 1004 indaginis
1416 943 1577 998 modo,

259 1032 310 1070 et
331 1025 482 1071 sicubi
507 1026 707 1072 arctiora
730 1035 879 1080 erant,
915 1034 1097 1087 partem
1113 1025 1342 1087 equitum,
1378 1024 1580 1072 dimissis

262 1107 412 1168 equis,
465 1101 603 1153 simul
648 1108 842 1154 rariores
896 1107 1031 1153 silvas
1075 1106 1285 1168 equitem
1323 1105 1579 1167 persultare

253 1188 483 1250 jussisset,
535 1198 790 1250 acceptum
830 1188 1021 1251 aliquod
1066 1189 1232 1235 vulnus
1266 1203 1353 1249 per
1385 1188 1580 1234 nimiam

263 1267 488 1327 fiduciam
513 1268 646 1315 foret.
714 1268 957 1323 Ceterum,
992 1269 1074 1314 ubi
1108 1269 1394 1330 compositos
1431 1269 1581 1317 firmis

263 1349 507 1397 ordinibus
529 1351 661 1412 sequi
683 1367 837 1397 rursus
854 1350 1026 1405 videre,
1063 1351 1113 1396 in
1135 1351 1296 1412 sugam
1314 1351 1449 1407 versi,
1485 1368 1582 1398 non

263 1431 549 1492 agminibus,
584 1439 637 1478 ut
659 1432 806 1493 prius,
840 1447 929 1478 nec
953 1432 1070 1479 alius
1086 1433 1230 1478 aliurn
1244 1441 1582 1495 respectantes,

263 1512 371 1567 rari,
407 1521 454 1559 et
476 1513 721 1560 vitabundi
747 1512 966 1569 inricem,
1007 1514 1269 1576 longinqua
1307 1523 1450 1576 atque
1480 1517 1584 1562 avia

264 1594 464 1656 petiere:
502 1593 612 1648 finis
640 1595 867 1656 sequendi
896 1611 993 1641 nox
1022 1604 1068 1640 et
1100 1596 1288 1642 satietas
1310 1596 1422 1643 fuit:
1460 1613 1586 1644 caesa

265 1676 473 1722 hostium
524 1677 585 1722 ad
630 1677 797 1723 decem
847 1676 1015 1723 millia:
1074 1686 1341 1724 nostrorum
1384 1679 1587 1725 trecenti

265 1759 513 1820 sexaginta
536 1759 771 1805 cecidere:
813 1759 859 1804 in
894 1759 998 1819 quis
1030 1758 1185 1805 Aulus
1215 1758 1428 1814 Atticus,
1463 1776 1587 1821 prae-

265 1840 419 1886 fectus
450 1841 732 1895 cohortis‚2⁵⁵
769 1839 971 1902 juvenili
1003 1840 1167 1887 ardore
1195 1848 1243 1887 et
1275 1839 1451 1889 ferocia
1476 1842 1586 1904 equi

265 1922 478 1972 hostibus
494 1922 659 1969 illatus.

331 2080 639 2129 XXXVIII.
679 2085 741 2132 Et
765 2101 861 2131 nox
889 2049 1084 2147 quidem
1118 2084 1293 2147 gaudio
1332 2085 1589 2148 praedaque

265 2164 380 2211 laeta
438 2166 716 2212 victoribus:
785 2164 1000 2218 Britanni
1054 2166 1286 2227 palantes,
1342 2166 1590 2228 mixtoque
1654 2154 1657 2159 ⁴

267 2245 474 2299 s-‚irorum
491 2247 840 2308 mulierumque
863 2248 1067 2309 ploratu,
1103 2249 1287 2298 trahere
1310 2242 1592 2303 vulneratos,

268 2342 437 2373 vocare
456 2327 679 2390 integros,
703 2329 926 2382 ,deserere
949 2330 1130 2384 domos,
1167 2345 1223 2375 ac
1239 2344 1323 2390 per
1339 2328 1455 2375 iram
1470 2329 1591 2376 ultro
1648 2319 1668 2400 ,s

268 2406 546 2453 incendere:
586 2410 759 2471 eligere
795 2410 1013 2463 latebras,
1050 2417 1098 2454 et
1121 2410 1280 2455 statim
1304 2409 1590 2471 relinquere:

267 2488 468 2534 miscere
505 2490 710 2551 invicem
743 2491 938 2537 consilia
968 2491 1144 2552 aliqua,
1196 2491 1307 2537 dein
1353 2507 1590 2553 separare:

270 2568 527 2630 aliquando
540 2570 691 2633 frangi
710 2580 906 2634 aspectu
922 2572 1178 2634 pignorum
1193 2588 1401 2627 suorum,
1420 2573 1595 2635 saepius
1642 2591 1647 2637 s

267 2651 499 2698 concitari
514 2652 584 2698 :2⁵⁶
607 2655 813 2717 satisque
831 2653 1078 2701 constabat
1101 2653 1288 2700 saevisse
1307 2653 1592 2715 quosdam⁹⁵⁷
1641 2644 1646 2694 f
