1668 3053
585 179 872 216 ,mamona
1325 168 1387 213 43

92 282 339 344 placidius,
406 284 550 343 quam
585 281 726 327 feroci
780 280 1018 341 provincia
1059 278 1255 339 dignum
1288 288 1383 325 est:

87 362 363 423 temperavit
385 362 613 424 Agricola
634 361 728 406 vim
745 376 895 413 suam,
930 360 1236 420 ardoremque
1261 374 1389 405 com-

87 444 286 504 pescuit,
311 457 370 488 ne
389 442 669 488 incresceret
680 463 692 497 3
724 442 899 502 peritus
916 442 1128 501 obsequi,
1165 440 1393 486 eruditus·

86 540 180 585 que
211 524 342 570 utilia
378 524 584 570 honestis
614 523 824 569 miscere.
910 520 1043 567 Brevi
1091 522 1261 567 deinde
1295 520 1396 568 Bri-

87 605 251 650 tannia
289 604 617 650 consularem&
657 603 879 649 Petilium
923 601 1156 648 Cerialem
1193 603 1395 664 accepit.

88 683 374 732 Habuerunt
407 686 599 731 virtutes
638 685 841 745 spatium
862 685 1243 745 exeinploi·uin.4⁹
1309 684 1399 731 Sed

88 767 240 827 primo
257 765 452 812 Cerialis
471 767 650 812 labores
667 766 808 811 modo
831 774 877 811 et
894 765 1185 820 discrimina3
1219 781 1332 811 mox
1355 775 1400 813 et

92 849 290 910 gloriam
315 847 722 894 communicabat:
761 862 887 908 saepe
923 847 1044 907 parti
1082 847 1316 892 exercitus
1356 847 1403 894 in

89 929 490 990 experimentum,
546 927 800 989 aliquando
846 927 1101 988 majoribus
1151 928 1300 988 copiis
1342 944 1403 975 ex

91 1018 264 1057 eventu
299 1010 538 1072 praefecit:
588 1023 678 1055 nec
706 1009 933 1071 Agricola
955 1025 1181 1070 umquam
1205 1010 1251 1055 in
1274 1026 1406 1057 suam

91 1091 269 1138 famam
310 1091 454 1152 gestis
491 1090 764 1144 exsultavit,
801 1093 858 1137 ad
884 1098 1124 1136 auctorem
1146 1100 1194 1135 et
1217 1090 1405 1146 ducem,

94 1180 148 1218 ut
183 1172 414 1226 minister,
465 1171 701 1217 fortunam
740 1171 989 1217 referebat:
1048 1172 1113 1217 ita
1156 1172 1325 1218 virtute
1361 1174 1409 1219 in

90 1254 410 1315 obsequendo,
473 1252 753 1298 verecundia
798 1253 849 1298 in
887 1253 1210 1314 praedicando,
1279 1263 1411 1302 extra.

94 1336 336 1390 invidiam,
371 1350 460 1382 nec
479 1345 614 1381 extra
630 1335 823 1396 gloriam
842 1342 954 1381 erat.

161 1495 255 1543 IX.
293 1495 626 1543 Revertentem
667 1497 726 1542 ab
769 1496 1005 1557 legatione
1042 1496 1239 1558 legionis
1279 1497 1413 1545 divus

98 1575 417 1639 Vespasianus
450 1578 574 1624 inter
607 1577 867 1639 patricios⁵⁰
906 1577 1118 1632 adscivit,
1155 1593 1210 1622 ac
1247 1578 1415 1625 deinde

98 1658 357 1720 provinciae
395 1657 710 1719 Aquitaniae⁵¹
749 1658 1026 1718 praeposuit,
1064 1658 1324 1719 splendidae
1366 1660 1415 1705 in

95 1739 262 1801 primis
299 1738 557 1800 dignitatis,
608 1739 1050 1785 administratione⁵2
1087 1755 1144 1785 ac
1182 1757 1266 1801 spe
1304 1757 1416 1787 con-

94 1820 286 1874 sulatus,
338 1820 416 1866 cui
449 1821 716 1866 destinarat.
785 1819 996 1867 Credunt
1052 1821 1264 1883 plerique
1298 1822 1418 1867 mili-

99 1900 277 1946 taribus
292 1900 494 1962 ingeniis
508 1901 816 1946 subtilitatem
834 1901 1009 1954 deesse,
1047 1901 1161 1963 quia
1175 1902 1421 1949 castrensis

92 1979 362 2041 jurisdictio
406 1996 569 2027 secura
602 1990 652 2026 et
686 1981 952 2035 obtusior‚⁵³
1012 1997 1067 2026 ac
1106 1982 1242 2042 plura
1275 1998 1420 2029 manu

99 2075 263 2121 agens,
290 2061 607 2107 calliditatem
643 2060 729 2107 fori
757 2077 851 2106 non
887 2070 1121 2107 exerceat.
1193 2062 1423 2123 Agricola

101 2141 303 2187 naturali
327 2142 598 2204 prudentia,
633 2143 845 2204 quamvis
869 2144 989 2189 inter
1010 2144 1254 2205 togatos,54
1287 2143 1422 2189 facile

95 2221 322 2283 justeque
363 2223 550 2283 agebat.
633 2220 743 2270 Jam
789 2226 896 2269 vero
937 2233 1155 2284 tempora
1205 2238 1420 2270 curarum

104 2301 527 2363 remissionumque
545 2301 712 2348 divisa:
750 2302 831 2347 ubi
857 2305 1149 2349 conventus⁵⁵
1175 2303 1425 2364 acjudioia

104 2391 370 2442 poscerent,
418 2384 587 2445 gravis,
643 2383 867 2439 intentus,
924 2401 1124 2439 severus,
1169 2394 1215 2431 et
1251 2384 1424 2445 saepius

109 2462 392 2509 misericors:
444 2464 525 2509 ubi
572 2464 730 2510 officio
774 2463 1077 2520 satisfactum,
1133 2466 1260 2511 nulla
1303 2464 1425 2509 ultra

109 2545 352 2610 potestatis
376 2561 597 2609 persona:
619 2546 872 2600 tristitiam,
908 2555 953 2593 et
977 2547 1345 2609 arrogantiam,5⁶
1378 2554 1424 2592 et
