1668 3053
241 190 310 226 AD
347 190 447 226 LIB.
474 189 545 225 DE
582 187 819 224 MORIBUS
856 186 1251 224 GERMANORUM.
1313 184 1398 235 105

98 288 290 342 Cultum
315 300 473 337 autem
498 290 632 336 Isidis
651 290 698 335 in
715 289 947 334 liburnam
963 287 1180 348 figuratae
1205 290 1401 338 illustrat

98 352 171 402 Cl.
212 353 465 410 Muratori‚
525 354 750 400 Thesaur.
786 351 1007 410 Inscript.
1056 351 1193 397 Tom.
1222 353 1261 398 Ι.
1287 371 1396 416 pag.

100 427 228 464 XXV.
300 419 373 465 Ibi
398 421 550 466 videre
567 427 635 464 est
650 418 785 464 deam
815 425 1082 469 CIATRAM,
1109 432 1217 477 quae
1237 420 1402 472 eadem

100 492 169 535 est
191 500 246 528 ac
273 483 373 529 Isis.
443 484 626 530 Dextra
665 482 849 528 sistrum
884 490 931 525 et
954 490 1218 540 serpentem
1245 491 1398 539 tenet;

99 547 298 601 sinistra,
334 563 600 595 mensuram
637 545 733 591 Nili
774 545 1046 591 crescentis:
1084 561 1224 605 supra
1257 559 1401 608 caput

97 611 336 657 calathum
359 613 500 674 gerit:
539 620 659 658 retro
681 620 749 656 est
771 609 969 654 liburna.
1037 607 1159 653 Cum
1176 607 1401 665 Germani

96 676 207 721 deos
247 677 295 721 in
331 678 521 722 humani
562 675 652 722 oris
689 675 894 735 speciem
929 688 1023 719 non
1054 673 1400 733 adsimularent,

96 739 287 795 Isidem,
355 741 607 802 figuratam
651 740 699 784 in
737 741 988 791 liburnam,
1044 740 1250 784 venerati
1295 752 1402 794 sunt

94 802 246 851 Suevi.
315 805 448 866 Ipsos
487 815 662 859 autem,
699 805 778 866 qui
809 803 991 855 Albim,
1029 801 1401 868 Danubiumque

95 870 378 924 accolerent,
428 887 454 916 a
495 869 831 916 mercatoribus
872 865 1152 912 Romanisve
1192 868 1400 928 edoctos,

99 931 290 987 Isidem,
309 935 629 996 navigantium
640 935 792 987 deam,
813 930 1008 978 coluisse
1024 931 1217 978 minime
1232 934 1404 987 mirum

96 1006 178 1049 est.
263 998 455 1045 Sacrum
514 999 627 1044 illud
683 996 1027 1058 pervulgatum,
1084 1012 1139 1042 ac
1195 1000 1402 1052 maxime

95 1064 324 1125 agebatur
357 1079 517 1109 mense
553 1062 750 1116 Martio,
788 1063 899 1108 cum
935 1071 1232 1107 renovaretur
1275 1066 1400 1110 navi-

94 1128 238 1185 gatio.
323 1127 441 1173 Inde
479 1128 527 1173 in
565 1126 849 1173 Kalendario
885 1135 1054 1171 vetere.
1079 1124 1175 1170 111.
1238 1127 1401 1176 Nonas

95 1189 278 1244 lvaartii.
352 1203 509 1237 1s1D18
576 1201 868 1238 NAvlcimr.
974 1189 1202 1251 vegetius
1246 1191 1306 1238 V.
1356 1198 1399 1244 9.

93 1264 322 1307 memorat
338 1258 464 1303 hune
481 1257 700 1311 natalem,
728 1264 778 1302 ut
795 1257 862 1300 ita
880 1254 1047 1309 (licam,
1075 1256 1401 1317 navigationis,

95 1322 178 1380 qui
195 1322 384 1366 solemni
399 1322 668 1374 certamine,
698 1321 972 1379 publicoque
1000 1320 1260 1378 spectaculo
1288 1324 1401 1368 mul-

96 1392 251 1431 tarum
272 1386 476 1447 gelasium
508 1386 787 1431 celebratur.
858 1383 956 1432 Qui
975 1384 1176 1444 plurima
1198 1386 1322 1431 volet
1345 1387 1403 1441 de

98 1450 228 1496 cultu
261 1450 397 1496 Isidis
434 1451 560 1511 apud
594 1449 783 1504 Suevos,
820 1450 955 1498 adeat
978 1447 1050 1493 Cl.
1077 1448 1134 1494 de
1170 1447 1402 1512 Fontenu,

96 1514 177 1574 qui
200 1515 314 1560 duas
338 1515 429 1560 hoe
453 1515 511 1560 de
539 1525 817 1576 argumento
856 1513 1201 1559 dissertationes
1237 1515 1401 1570 edidit,

92 1578 344 1624 ,Memoires
381 1579 436 1623 de
470 1579 754 1625 l'Acadcssmie
772 1577 947 1638 Royale
971 1576 1047 1622 cles
1074 1577 1399 1644 Inscrzfflions,

92 1641 232 1689 Tom.
249 1642 309 1689 V.
329 1659 438 1704 pag,
459 1642 534 1688 63.
556 1652 602 1689 et
625 1660 753 1706 seqq.

156 1775 192 1799 ⁷⁹
210 1773 463 1819 Adfectant
481 1773 787 1835 relzgz‘mzem]
810 1771 876 1818 Ut
893 1771 1091 1820 Romani
1109 1772 1157 1817 in
1171 1775 1403 1825 veteribus

89 1837 183 1884 suis
205 1837 409 1883 nummis
446 1838 594 1891 aereis,
631 1839 711 1900 qui
749 1847 911 1884 extant
952 1837 1160 1899 plurimi,
1216 1836 1400 1893 Saturni

93 1902 344 1948 adventum
368 1903 517 1962 puppi
541 1903 698 1948 testati
722 1912 845 1954 sunt,
882 1902 946 1947 sic
972 1902 1077 1950 aliae
1102 1910 1264 1962 gentes
1279 1904 1338 1949 ad
1355 1921 1402 1950 se

91 1966 310 2013 advectas
329 1966 575 2027 religiones
590 1967 838 2013 liburnam
853 1966 1057 2013 nummis
1076 1967 1168 2015 suis
1183 1971 1401 2029 expressa}

94 2047 222 2093 saepe
241 2030 546 2076 declaravere.
1345 2037 1349 2038 ’

154 2160 190 2184 ⁸⁰
224 2159 580 2221 Arbitrantur]
636 2157 805 2205 Postea
863 2175 960 2206 non
1017 2160 1228 2207 arbitrati
1276 2172 1400 2219 sunt,

90 2224 363 2286 templaque
377 2234 425 2270 et
442 2234 614 2270 statuas
630 2224 727 2269 deis
742 2224 835 2270 suis
849 2239 1061 2284 posuere.
1131 2223 1187 2269 In
1207 2242 1401 2274 nummo

93 2288 320 2342 Postumi,
359 2305 502 2350 quem
538 2287 796 2350 publicavit
818 2289 1026 2335 eruditus
1047 2287 1318 2337 Sirmondus
1353 2293 1403 2345 in

92 2354 214 2399 notis
231 2354 291 2398 ad
301 2353 628 2414 Apollinarem
649 2351 891 2403 Sidonium
905 2351 1046 2398 VIII.
1074 2356 1144 2400 11.
1163 2355 1316 2401 videre
1334 2366 1404 2409 est

93 2419 340 2479 templum,
378 2418 425 2462 in
459 2420 592 2477 cujus
628 2417 857 2464 vestibulo
879 2425 970 2463 stat
1006 2415 1256 2474 HerculeS‚
1293 2436 1403 2477 cun]

93 2483 353 2543 epigraphe
411 2480 609 2528 HERC.
666 2480 1127 2528 DEVSONIENSI.
1215 2483 1273 2530 Id
1333 2495 1403 2534 est

94 2547 296 2594 Herculi
311 2547 635 2605 Deusom'ensi,
660 2547 741 2610 qui
759 2545 1000 2602 Deusone,
1021 2554 1149 2601 trans
1166 2545 1400 2611 Rhenum,
