1668 3053
244 192 306 237 24
629 203 674 239 c.
699 201 958 240 CORNELH
986 202 1175 240 TAC1T1

240 316 390 362 usque
413 303 473 348 ad
495 302 744 352 Oceanum
762 305 931 352 Rheno
949 311 1298 367 praetexuntur,
1325 301 1562 349 ambiunt-

241 399 335 447 que
369 384 622 434 immensos
661 388 852 450 insuper
880 388 1087 441 lacus‚‘⁴'⁷⁹
1123 395 1171 433 et
1194 385 1418 433 Romanis
1443 386 1561 433 clas-

238 464 422 513 sibus²⁵³⁰
468 469 726 530 navigatos.
812 470 977 531 Ipsum
1014 469 1278 533 quinetiam
1307 466 1561 528 Oceanum

237 546 317 593 illa
368 550 672 596 tentavimus:
746 559 794 596 et
840 566 1080 611 superesse
1133 550 1289 596 adhuc
1335 547 1562 595 Herculis

238 631 535 677 columnas²⁵³¹
573 633 698 680 fama
733 632 966 694 vulgavit:
1018 632 1112 677 sive
1149 631 1265 677 adiit
1307 630 1560 685 HerculeS,

235 728 318 760 seu
332 712 563 775 quidquid
588 714 762 775 ubique
781 713 1092 775 magnificum
1109 721 1195 767 est,
1231 713 1281 758 in
1297 712 1562 759 claritatem

235 795 336 856 ejus
371 795 539 842 referre
581 797 916 843 consensimus.
1001 794 1108 841 Nec
1151 795 1300 841 defuit
1337 794 1561 847 audentia

233 874 392 924 Druso
418 875 787 925 Germanieozffffl
823 878 906 925 sed
941 878 1125 924 obstitit
1160 876 1386 925 Oceanus
1422 877 1475 923 in
1509 893 1559 923 se

234 958 372 1004 simul
415 968 557 1021 atque
593 960 638 1005 in
686 959 948 1007 Herculem
988 960 1176 1022 inquiri.
1248 959 1377 1006 Mox
1415 975 1558 1013 nemo

232 1040 453 1087 tentavit:
507 1042 808 1104 sanctiusque
854 1059 909 1089 ac
955 1042 1241 1088 reverentius
1279 1041 1448 1096 visum,
1499 1040 1559 1086 de

229 1123 351 1171 :actis
366 1124 560 1170 deorum
586 1124 793 1180 credere,
830 1127 975 1187 quam
1000 1124 1131 1171 scire.

295 1285 517 1333 XXXV.
558 1286 809 1350 Hactenus
833 1288 883 1333 in
907 1286 1223 1334 Occidentem
1246 1286 1555 1335 Germaniam

229 1369 458 1414 novimus.
530 1369 588 1416 In
620 1368 1013 1432 Septemtrionem
1054 1370 1237 1432 ingenti
1265 1369 1394 1416 flexu
1416 1370 1551 1419 redit.

229 1451 308 1501 Ac
344 1452 495 1514 primo
527 1453 683 1498 statim
707 1451 1014 1502 Chaucorum
1039 1452 1228 1514 gens‚²3³
1265 1467 1555 1514 quamquam

228 1533 429 1596 incipiat
477 1551 506 1579 a
554 1533 727 1588 Frisiis,
790 1549 845 1579 ac
903 1542 1088 1595 partem
1136 1533 1284 1580 litoris
1327 1542 1552 1596 occupet,

226 1615 458 1669 omnium,
517 1631 632 1677 quas
677 1616 892 1677 exposui,
951 1615 1167 1676 gentium
1205 1614 1429 1665 lateribus
1467 1615 1552 1662 ob,

225 1697 451 1751 tenditur,
488 1697 641 1742 donec
671 1696 719 1745 in
756 1695 921 1743 Cattos
960 1712 1110 1758 usque
1134 1696 1358 1743 sinuetur.
1429 1694 1553 1742 Tam

219 1779 510 1830 immensum
548 1787 776 1825 terrarum
812 1778 1017 1840 spatium
1055 1785 1341 1825 non'tenent
1362 1777 1551 1823 tantum

227 1859 429 1915 Chauci,
467 1861 548 1907 sed
576 1868 622 1906 et
654 1860 876 1921 implent:
915 1859 1120 1920 populus
1144 1858 1266 1905 inter
1285 1857 1550 1907 Germanos

224 1942 556 1998 nobilissimus,
615 1944 793 2005 quique
830 1941 1210 2003 magnitudinem,
1248 1957 1381 1988 suam
1415 1940 1550 1987 malit

214 2025 402 2087 justitia
438 2026 580 2077 tueri;
640 2025 740 2075 sine
781 2024 1060 2086 cupiditate,
1120 2025 1218 2070 sine
1247 2022 1548 2085 impotentia,

222 2108 370 2170 quieti
413 2107 692 2170 secretique,
744 2107 874 2158 nulla
919 2114 1182 2168 provocant
1222 2105 1362 2159 bella,
1412 2103 1551 2154 nullis

221 2193 431 2254 raptibus
460 2202 540 2239 aut
572 2192 828 2238 latrociniis
865 2190 1168 2253 populantur.
1240 2189 1394 2250 quue
1423 2204 1548 2250 prae-

219 2277 417 2339 cipuum
439 2276 622 2323 virtutis
645 2274 710 2323 ac*
725 2277 891 2322 virium
920 2283 1255 2338 argumentum
1279 2281 1365 2328 est,
1402 2272 1546 2336 quod,

218 2371 271 2409 ut
286 2363 547 2425 superiores
563 2370 723 2424 agant,
760 2379 856 2409 non
877 2378 963 2423 per
985 2362 1179 2423 injurias
1203 2360 1543 2422 adsequuntur..

217 2443 446 2506 Prompta
460 2451 620 2489 tamen
638 2444 857 2489 omnibus
872 2444 1078 2498 arma,284
1112 2459 1185 2498 ac,
1211 2442 1247 2488 si
1270 2457 1342 2488 res
1360 2446 1544 2502 poscat,

218 2529 475 2575 exercitus:
541 2528 798 2590 plurimum
841 2528 1049 2574 virorum
1089 2524 1442 2589 equorumque:
1497 2529 1544 2570 et

218 2611 570 2672 quiescentibus
595 2609 759 2656 eadem
786 2609 924 2655 fama.
1511 2603 1516 2606 ’
