1668 3053
227 199 298 236 AD
334 183 434 234 Lm.
460 197 533 233 m:
570 196 806 233 Momssns
844 195 1241 234 GERMANORL'M,
1299 188 1389 240 127

82 299 331 346 multorum
349 296 547 345 'habetur
555 299 892 360 percognitum,
929 294 1053 358 qubd
1068 313 1148 360 ego
1164 303 1207 342 te
1225 296 1307 341 illa
1324 295 1389 345 N,

83 363 176 410 und
205 381 306 412 cum
345 378 560 410 consensu
590 370 859 422 parentum,
895 363 967 408 vel
1002 363 1255 408 amicorum·
1290 377 1390 406 nos·

77 436 277 483 trorum,
313 427 393 474 tua*
434 425 684 486 spontaned
728 427 965 472 voluntate
1005 427 1231 486 sponsa-ci,
1278 426 1395 473 mihi

74 493 259 552 placuit
281 500 332 538 ut
356 491 537 553 aliquid
569 491 622 537 de
653 492 788 537 rebus
809 492 922 537 meis
936 503 1026 550 per
1049 491 1168 537 hunc
1201 490 1390 537 titulum

80 558 225 604 libelli
261 557 378 603 dotis
415 564 523 602 ante
554 555 649 601 dies
689 556 955 616 nuptiarum
995 556 1083 601 tibi
1118 554 1391 611 confirmare

80 621 306 669 deberem.
396 619 526 668 Quod
575 621 643 666 ita
696 627 743 666 et
779 620 896 677 feci.
966 619 1097 684 Ergo
1143 619 1256 665 dono
1301 620 1394 668 tibi

80 687 390 747 donatumque
424 701 518 731 esse
550 685 646 731 volo
677 685 897 739 locellum,
951 700 1047 730 rem
1078 685 1389 744 proprietatis

81 766 204 806 meae,
240 757 573 810 nuncupantem
599 750 726 796 illum
750 749 814 796 N
839 750 979 794 situm
1005 751 1051 795 in
1066 761 1192 811 pago
1217 747 1293 794 illo
1323 749 1386 798 N

79 831 182 861 cum
229 816 388 869 terris,
440 815 664 872 (edificiis,
715 814 970 869 accolabus,
1020 814 1280 873 mancipiis,
1331 814 1387 861 li-

79 880 240 934 bertis,
297 880 456 934 vineis,
523 880 666 934 silvis,
727 879 901 937 pratis,
962 880 1168 938 pascuis,
1237 879 1387 938 aquis,

78 960 365 1005 aquarumve
395 943 675 997 decursibus,
723 944 960 989 mobilibus
992 951 1037 990 et
1069 942 1387 999 immobilibus,

79 1025 179 1055 cum
209 1009 333 1056 omni
359 1006 502 1068 supr&
530 1010 679 1068 posito
713 1008 901 1069 suisque
923 1008 1197 1066 adjacentiis
1221 1014 1314 1053 tam
1332 1009 1391 1057 de

88 1073 238 1129 alode,
275 1070 412 1134 quum
434 1081 484 1119 et
505 1073 563 1120 de
585 1080 865 1133 comparato,
900 1088 978 1118 seu
1003 1073 1057 1118 cle
1082 1073 1280 1134 quolibet
1301 1074 1386 1119 ad-

78 1145 247 1193 tracto,
284 1145 426 1184 totum
452 1146 497 1183 et
521 1139 584 1184 ad
605 1139 851 1200 integrum,
886 1138 1009 1184 sicut
1028 1154 1055 1183 a
1080 1155 1149 1183 nze
1165 1142 1391 1197 praesenti

81 1209 281 1263 tempore
303 1202 491 1249 videtur
505 1219 598 1249 esse
613 1216 863 1262 possessum
880 1223 899 1255 ,-
936 1211 981 1248 et
1001 1203 1046 1248 in
1053 1203 1388 1260 fabricaturas

81 1282 249 1314 aurum
265 1274 465 1322 tantum,
482 1274 726 1330 argentum
743 1274 942 1322 tantum,
959 1269 1241 1313 vestimenta.
1269 1267 1389 1315 Hcee

75 1333 232 1378 omnia
253 1330 462 1392 superius
473 1335 577 1390 jam
604 1331 730 1378 dicta
753 1344 843 1391 per
871 1331 989 1378 hunc
1025 1332 1209 1377 titulum
1248 1332 1391 1378 libelli

74 1395 198 1443 dotis
236 1397 393 1442 diebus
428 1398 696 1457 nuptiarum
736 1397 825 1442 tibi
854 1412 953 1442 sum
992 1397 1280 1456 impleturus,
1316 1398 1390 1445 vel

81 1461 367 1516 traditurus,
403 1461 473 1507 ita
490 1467 574 1516 ut,
596 1461 703 1507 dum
727 1460 974 1516 advixeris,
1009 1461 1254 1508 secundum
1275 1462 1388 1524 legis

77 1525 285 1572 ordinem
309 1534 464 1572 teneas
487 1533 629 1588 atque
643 1525 896 1586 possideas,
935 1528 1192 1587 nostrisque
1229 1527 1311 1587 qui
1332 1543 1388 1576 ex

76 1589 775 1650 nobisprocreati,fuerintfiliis
790 1591 1060 1648 velfiliabus
1078 1591 1384 1652 derelinquas,

77 1653 247 1715 Siquis
262 1653 386 1710 vere),
421 1656 465 1701 si
485 1672 564 1718 ego
590 1657 697 1716 ipse,
735 1663 820 1701 aut
838 1655 935 1701 ulla
957 1657 1169 1716 quaelibet
1186 1671 1384 1716 persona

63 1718 244 1775 fuerit,
280 1721 362 1781 qui
383 1727 544 1766 contra
573 1720 690 1768 hanc
719 1720 1005 1766 donationem
1036 1722 1217 1782 aliquid
1249 1737 1387 1784 agere

74 1781 148 1829 oet
171 1785 449 1830 calumniam
477 1801 706 1848 generare
725 1789 1088 1846 prcesumpserit,
1126 1786 1243 1831 illud
1268 1786 1389 1846 quod

77 1850 251 1907 repetit
277 1865 363 1895 non
398 1849 618 1904 vindicet,
654 1857 701 1896 et
724 1852 913 1910 insuper
947 1849 1110 1897 contre}
1147 1853 1225 1896 cui
1260 1852 1386 1899 litem

75 1913 291 1958 intulerit
306 1913 471 1960 solidos
486 1921 663 1960 centum
679 1923 930 1975 componat.
1002 1916 1068 1962 Et
1091 1917 1183 1962 luec
1202 1917 1387 1964 donatio

76 1978 189 2023 meis
218 1978 292 2023 'cel
322 1979 533 2025 bonorum
557 1980 787 2025 hominum
809 1980 1019 2026 manibus
1042 1983 1259 2027 roborata
1282 1998 1386 2027 cum

75 2041 373 2101 stipulatione
408 2045 600 2090 subnixa
620 2044 772 2100 firma
787 2054 1077 2105 permaneat.
1150 2046 1304 2091 Immo
1338 2058 1389 2095 et

75 2106 202 2167 apud
236 2105 501 2155 Germanos
538 2109 815 2155 emebantur
848 2125 1035 2165 uxores,
1071 2121 1123 2156 ut
1161 2120 1292 2172 patet
1323 2128 1387 2160 ex

79 2168 209 2232 Lege
242 2170 499 2227 Saxonum,
548 2172 645 2219 Tit.
660 2171 750 2219 VI.
803 2174 860 2220 de
893 2174 1149 2236 Conjugiis,
1197 2175 1313 2238 Leg.
1345 2181 1382 2224 1,

83 2234 284 2281 Uxorem
318 2237 541 2284 ducturus
579 2248 681 2283 CCC
715 2239 895 2294 solidos,
945 2237 1148 2287 Gallicae
1176 2250 1383 2288 moneta?

74 2298 156 2344 Tib.
190 2303 335 2357 3930,
392 2303 471 2349 det
510 2304 784 2362 parentibus
824 2307 950 2362 ejus:
1008 2306 1051 2350 si
1090 2313 1239 2351 autem
1289 2308 1386 2353 sine

76 2363 311 2411 voluntate
354 2375 622 2426 parentum,
671 2366 830 2428 puelld
869 2376 1023 2415 tamen
1062 2371 1383 2427 consentiente,

74 2425 400 2488 ductafuerit,
427 2433 493 2478 bis
509 2439 732 2478 trecentos
746 2432 927 2487 solidos,
958 2432 1160 2481 Gallicae
1178 2445 1385 2482 monetae

80 2491 220 2539 libras
254 2492 380 2545 7860
407 2497 685 2557 parentibus
722 2499 821 2554 ejus
862 2507 1111 2558 componat.
1181 2499 1238 2545 Si
1277 2498 1383 2546 verb

79 2571 161 2603 nec
202 2566 438 2616 parentes,
490 2576 572 2608 nec
608 2561 767 2623 puella
813 2572 1147 2617 consenserunt,
1207 2565 1255 2611 id
1301 2571 1383 2617 est,
