1668 3053
387 200 459 236 AD
496 196 673 236 V1TAM
713 194 1265 236 CN.JUL.AGR1COLAE.
1401 187 1496 233 243

229 303 283 330 ²¹⁷
318 300 388 348 Et
411 302 678 348 libertatem
703 315 790 347 non
822 302 870 346 in
896 298 1150 360 praesentici
1186 298 1496 345 laturi—non

161 365 838 428 οςίεηίίαηιτις--ςεροςιιενίῐἓ]
891 366 967 412 Ita
990 364 1185 428 quidem
1210 365 1497 412 recentiores

162 433 416 481 editiones:
475 434 610 481 aliter
654 441 814 478 autem
861 440 1040 478 veteres
1084 430 1190 476 libri
1236 430 1401 491 scripti
1447 438 1497 477 et

160 499 290 546 editi.
362 498 502 547 Forte
527 500 778 561 scripserat
795 494 1018 544 Tacitus:
1057 494 1127 542 Et
1145 498 1190 542 in
1208 495 1496 550 libertatem,

163 581 250 612 non
276 566 323 611 in
339 566 552 624 praedam
578 564 834 618 certaturi,
880 565 1037 622 primo
1061 563 1225 607 statim
1249 576 1499 624 congressu

164 629 319 677 vivide
355 629 653 677 ostendamus
690 644 800 691 quos
838 630 930 677 sibi
971 627 1227 675 Caledonia
1266 628 1392 674 'ciros
1429 643 1497 675 se·

157 698 388 757 posuerit.

224 828 280 853 ²¹⁸
314 827 475 874 Pudet
501 827 677 891 dictu]
715 825 1024 889 Singulariter
1042 826 1228 873 dictum
1246 842 1334 888 pro
1346 826 1503 886 pudet

163 892 334 939 dicere.
405 892 601 942 Plautus
648 904 810 940 tamen
855 890 1035 938 Bacch.
1094 892 1210 938 Act.
1233 890 1332 938 111.
1359 890 1432 940 Sc.
1457 896 1497 939 l.

161 958 307 1005 dixit:

231 1053 373 1108 Neque
391 1056 476 1102 mei,
506 1068 627 1108 neque
645 1055 695 1093 tui
714 1055 808 1094 intus
826 1054 991 1107 puditum
1008 1061 1062 1094 est
1079 1053 1195 1100 factis,
1224 1068 1306 1107 quae
1326 1054 1427 1095 facis.

161 1153 225 1202 Et
248 1153 404 1202 Valer.
427 1154 680 1202 Maximus
698 1153 793 1202 IX.
820 1158 892 1201 13.
913 1171 1045 1202 num.
1067 1160 1111 1201 2.
1151 1156 1256 1202 Nec
1273 1157 1501 1204 relatione

147 1221 449 1279 familiaria,
488 1222 602 1283 quia
626 1221 757 1269 dictu
767 1222 1074 1281 fastidienda
1096 1230 1220 1268 suut.

227 1352 282 1380 ⁹¹⁹
318 1352 606 1417 Sanguinem
632 1352 956 1417 commodent]
995 1351 1324 1400 Romanorum
1348 1352 1501 1401 domi·

161 1419 344 1465 nationi
379 1420 526 1465 vitam
562 1420 942 1483 sanguinemque
975 1419 1347 1467 commodabant
1384 1435 1500 1467 aux·

161 1484 316 1532 iliares
339 1483 486 1539 Galli,
525 1483 773 1541 Germani,
811 1495 858 1532 et
886 1485 1226 1533 Britannorum
1256 1485 1496 1549 plerique:

161 1549 338 1597 diutius
377 1559 539 1597 tamen
575 1552 750 1606 hostes,
804 1554 950 1614 quam
996 1553 1143 1608 servi3
1197 1567 1256 1600 ac
1297 1551 1500 1615 proinde

161 1616 354 1663 modico
377 1616 572 1673 affectu,
610 1616 708 1664 fide
731 1619 929 1664 incerta.

225 1747 281 1773 ²²⁰
316 1747 476 1795 Nullae
519 1747 752 1796 Romanos
794 1746 1051 1813 conyuoes]
1109 1746 1319 1795 Caelibes
1358 1747 1502 1810 vulgo

161 1822 297 1859 erant
340 1814 513 1860 milites
559 1812 777 1861 Romani.
861 1812 987 1861 Vide
1030 1812 1185 1860 Notas
1233 1822 1281 1860 et
1323 1812 1499 1860 Emen-

163 1878 378 1926 dationes
402 1879 461 1925 ad
484 1880 661 1926 Annal.
680 1876 822 1926 XIV.
850 1882 927 1931 27.
998 1877 1271 1926 Praeterea
1260 1894 1311 1924 ln
1336 1882 1501 1927 castris

161 1941 390 1991 Romanis
405 1945 561 1991 nullus
576 1945 764 1992 feminis
778 1944 926 1992 locus.
986 1942 1034 1987 V
1036 1945 1215 1992 eterani
1233 1942 1502 1992 Tarentum

163 2018 212 2056 et
255 2011 465 2056 Antium
513 2011 755 2074 adscripti,
815 2027 911 2057 non
955 2018 1117 2057 tamen
1164 2010 1499 2072 infrequentiae

159 2076 374 2124 locorum
421 2077 702 2132 subvenere,
761 2076 953 2138 dilapsis
1004 2076 1222 2139 pluribus
1280 2077 1329 2122 in
1387 2092 1498 2137 pro-

161 2141 358 2197 vincias,
401 2142 451 2188 in
474 2143 648 2204 quibus
673 2142 910 2205 stipendia
932 2143 1252 2204 expleverant.
1323 2140 1500 2204 Neque

163 2208 403 2271 conjugiis
422 2209 754 2270 suscipiendis,
792 2224 949 2271 neque
973 2208 1152 2255 alendis
1175 2207 1335 2254 liberis
1358 2208 1497 2262 sueti,

161 2273 301 2321 orbas
351 2274 452 2320 sine
499 2276 701 2335 posteris
752 2275 918 2322 domos
960 2273 1306 2349 relinquebant.
1362 2274 1495 2321 Anu.

163 2355 272 2401 pag.
298 2337 402 2392 169.
473 2338 700 2387 Veterani
747 2340 832 2394 illi,
891 2355 1039 2402 neque
1083 2340 1309 2402 conjuofzzs
1352 2339 1498 2385 susci-

157 2405 364 2464 plendzs,
423 2421 569 2466 neque
611 2405 790 2452 alendzs
831 2406 989 2453 llberz's
1029 2407 1168 2460 sueti,
1228 2404 1404 2451 milites
1437 2420 1498 2451 ex

163 2480 311 2518 vetem
335 2487 423 2517 usu
465 2471 661 2518 coelibes
701 2472 842 2518 fuisse
883 2472 1103 2534 probant.
1176 2470 1239 2516 Iis
1285 2470 1496 2532 quidem,

161 2536 347 2598 aliquot
388 2537 499 2583 ante
541 2538 694 2593 annis,
752 2536 998 2592 Claudius,
1058 2537 1170 2598 quia
1217 2551 1273 2581 ex
1321 2536 1498 2599 legibus

163 2618 330 2649 uxores
375 2602 544 2650 habere
600 2619 685 2649 non
735 2611 978 2662 poterant,
1048 2603 1329 2648 maritorum
1375 2604 1496 2659 jura

786 2688 883 2730 RS.)
