1668 3053
317 214 388 252 AD
423 214 523 252 ΠΒ.
549 208 620 251 DE
656 209 891 252 MomBU's
927 210 1322 254 GERMANORUM.
1385 206 1471 251 115

187 314 254 363 Ut
284 309 443 376 pullus
479 315 605 362 homo
645 318 690 361 in
726 318 899 375 placito
937 319 1194 364 centenarii
1231 332 1374 378 neque
1417 315 1480 363 ad

175 380 386 436 mortem,
421 396 566 442 neque
603 381 666 427 ad
701 382 962 427 libertatem
997 398 1126 428 suam
1156 382 1479 435 amittendam,

177 443 250 490 vel
270 445 334 491 ad
355 462 427 492 res
449 445 722 500 reddendas,
758 446 830 492 vel
850 448 1080 506 mancipia
1093 446 1364 504 judice.⁴ur‚·
1401 444 1482 491 sed

174 509 267 554 ista
291 510 337 554 in
350 510 600 570 praesentz'd
618 511 809 565 comilis,
846 512 918 557 vel
929 511 992 556 M
993 512 1182 557 issorum
1203 518 1477 565 nostrorum,

161 573 448 630 judicentur.
534 573 684 621 Penes
723 575 821 622 illos
858 576 1050 622 comites
1095 584 1139 621 et
1186 576 1476 622 centenarios

173 637 422 686 consilium
454 647 552 686 erat
584 650 631 686 et
671 640 936 694 auctoritas,
972 649 1024 686 ut
1062 648 1208 701 patet.
1275 638 1479 686 Centeni

172 709 333 749 autem
384 721 412 750 a
470 702 638 750 Tacito
697 705 811 751 dicti
876 713 982 750 sunt
1036 704 1237 750 Comites
1286 721 1345 750 ex
1391 721 1476 751 usu

173 762 512 823 Romanorum,
553 769 679 831 apud
719 785 835 831 quos
865 769 1096 815 honorum
1131 768 1324 815 nomina
1351 778 1481 815 erant

172 829 349 887 Caesar‚
413 831 620 896 Legatus
666 832 883 887 Caesaris,
962 841 1009 878 et
1062 833 1258 879 comites
1316 834 1476 895 legati.

170 893 295 944 Vide
309 897 496 959 Digest.
517 898 617 944 Lib.
635 896 669 943 I.
688 896 782 944 Tit.
801 903 877 943 22.
918 898 973 943 de
994 898 1150 960 Officio
1165 898 1479 944 Adsessorum.

170 959 261 1024 leg.
279 963 324 1008 4.
358 961 597 1024 Tempora
608 971 765 1008 autem
778 971 1094 1009 conventuum
1104 962 1415 1024 placitorum-q
1421 979 1481 1008 ue

172 1023 375 1081 Gallice,
414 1027 476 1073 les
507 1026 682 1087 planis,
718 1028 784 1074 ita
826 1028 1105 1074 determinat
1141 1028 1219 1073 lex
1252 1027 1480 1073 Alaman-

170 1105 354 1146 norum,
390 1090 486 1138 Tit.
525 1089 774 1138 XXXVI.
811 1093 901 1154 leg.
945 1095 988 1137 2.
1058 1092 1219 1151 Ipsum
1250 1092 1479 1150 placitum

153 1155 256 1210 fiat
280 1155 337 1203 de
355 1157 544 1202 sabbato
567 1158 615 1202 in
636 1156 890 1211 sabbatum,
927 1164 1007 1202 aut
1043 1156 1175 1217 quali
1208 1157 1282 1201 die
1317 1171 1479 1210 comes,

170 1227 255 1266 aut
268 1222 556 1268 centenarius
572 1221 789 1274 voluerit,
827 1237 855 1266 α
871 1229 1043 1280 septem
1063 1222 1107 1266 in
1125 1229 1293 1281 septem
1309 1229 1477 1278 mactes,

169 1286 351 1346 quando
365 1297 465 1345 pax
479 1299 633 1346 parva
655 1292 725 1331 est
749 1286 796 1331 in
814 1283 1084 1345 provincid:
1122 1286 1305 1347 quando
1323 1293 1478 1332 antem

167 1349 333 1398 melior
366 1360 452 1406 est,
501 1357 609 1409 post
643 1358 785 1396 XIIII.
836 1360 987 1397 noctes
1011 1349 1110 1406 fiat
1150 1358 1394 1397 conventus
1433 1353 1479 1397 in

166 1415 293 1461 omni
321 1414 527 1470 centend,
562 1418 683 1462 sicut
714 1413 928 1474 superias
967 1415 1178 1461 diximus.
1248 1413 1341 1460 Sub
1378 1414 1476 1470 dio,

138 1478 274 1533 ‚loco
311 1481 453 1542 paulo
500 1479 710 1534 editiore,
746 1481 892 1534 ulmo,
930 1495 1126 1542 quercu,
1162 1481 1310 1526 aliave
1333 1479 1475 1526 densa

167 1544 330 1591 arbore
361 1545 689 1597 obumbrante,
726 1553 983 1592 conventus
1006 1545 1380 1590 celebrabantur.

231 1674 285 1700 ¹⁰⁹
314 1675 508 1720 Armati
558 1673 743 1737 agunt]
811 1673 1003 1736 Ipsique
1036 1670 1240 1735 judices
1295 1675 1472 1720 armati.

166 1736 285 1784 Inde
327 1739 377 1785 in
414 1739 545 1801 Lege
587 1738 754 1793 Salica,
802 1738 898 1784 Tit.
934 1737 1144 1785 XLVII.
1175 1738 1266 1798 leg.
1309 1742 1346 1783 1.
1418 1740 1479 1785 Iu

166 1803 261 1861 zpso
276 1802 442 1859 Mallo,
478 1804 527 1850 id
549 1812 634 1858 est,
669 1803 862 1865 placito,
901 1820 981 1850 seu
998 1812 1231 1850 conventu
1239 1803 1477 1863 judiciali,

165 1875 345 1914 scutum
381 1868 548 1916 habere
590 1868 770 1914 debent.
839 1866 1029 1914 Morem
1072 1868 1202 1913 illurn
1245 1868 1481 1915 retinuere

164 1931 330 1993 populi
374 1949 538 1980 omnes
584 1931 887 1980 Germanicae
935 1933 1140 1994 originis.
1207 1931 1357 1992 Apud
1398 1949 1478 1979 eos

165 1996 347 2043 decoris
363 2006 409 2043 et
427 1998 703 2044 urbanitatis
728 2006 796 2044 est
819 1996 868 2042 in
887 1998 1133 2058 publicum
1156 2013 1251 2043 non
1275 1997 1477 2058 prodire,

164 2061 251 2107 nisi
266 2057 423 2122 gladio
436 2063 692 2109 accinctos.
761 2059 941 2107 Contra
955 2065 1062 2108 vero
1076 2060 1277 2108 Romani
1293 2063 1477 2108 tantum

165 2125 215 2171 in
235 2125 359 2173 bello
382 2127 563 2172 armati.

230 2255 283 2280 ¹¹⁰
315 2255 534 2301 Juvenem
556 2253 766 2317 ornant.]
805 2253 933 2302 Haec
950 2254 1190 2317 Equestris
1205 2255 1476 2310 nobiiitatis‚

165 2318 214 2363 Za
248 2317 537 2374 Ckevalerie,
573 2335 766 2366 avorum
804 2328 1069 2366 nostrorum
1098 2321 1327 2366 memoria
1359 2320 1481 2366 cele-

163 2383 446 2430 brutissimae
482 2383 631 2430 initia.
699 2382 803 2429 Filii
834 2399 1000 2446 regum
1032 2400 1059 2430 a
1085 2385 1275 2446 regibus
1312 2386 1483 2431 exteris

162 2462 295 2494 anna
339 2448 580 2510 accepisse
620 2448 850 2495 videntur.
943 2448 1063 2494 Inde
1109 2465 1220 2495 cum
1265 2449 1478 2503 Audoin,

162 2509 465 2572 Gepidorum
488 2512 652 2567 victor,
688 2529 717 2558 a
739 2511 1064 2574 Langobardis
1097 2514 1393 2567 incitaretur,
1429 2521 1484 2559 ut

161 2575 386 2623 cum'filio
401 2593 484 2626 suo
501 2577 696 2632 Alboin,
715 2577 929 2623 victoriae
941 2577 1191 2639 participe,
1209 2577 1478 2640 pranderet,

804 2659 883 2702 152
