1668 3053
236 194 299 247 94
525 203 686 241 NOTAE
724 204 795 240 ET
831 198 1265 239 EMENDATmNEs

232 304 465 351 labantur.
534 305 712 353 Eorum
748 305 978 367 imagines
1014 303 1121 350 vide
1156 301 1283 363 apud
1319 299 1554 348 eruditum

235 369 522 426 Eccardum,
543 371 599 417 cle
616 370 771 418 Rebus
787 369 835 416 F
833 371 1002 416 ranciae
1025 366 1301 415 Orientalis.
1351 364 1493 412 Tom.
1512 365 1552 412 I.

235 450 347 498 pag.
374 438 483 487 892.

301 567 338 596 4⁷
373 565 594 631 Sagala]
652 565 730 614 De
783 583 896 629 sago
941 565 1061 611 infra
1128 580 1232 625 cap.
1291 565 1363 614 17.
1433 561 1559 609 Cum

237 633 536 693 pugnabant,
594 635 770 689 majore
804 630 877 678 sui
908 638 1052 691 parte
1091 630 1206 676 nudi
1243 637 1392 683 erant,
1440 637 1561 675 teste

239 695 429 743 Caesare
481 697 606 758 apud
665 696 893 752 Dionem,
949 694 1256 742 XXXVIII.
1314 710 1426 760 pag.
1480 697 1557 745 89.

239 762 376 823 Γυμνοῖ
404 765 449 810 τὸ
470 767 622 814 πλεῖς-ον
644 764 728 810 εἷο-ι’.

305 893 341 923 4⁸
377 892 523 939 Scuta
541 890 772 950 tautum]
801 892 945 942 Scuta
959 893 1305 941 Germanorum
1325 893 1562 948 immensa,

241 958 289 1004 id
312 967 381 1004 est
407 958 736 1020 magnitudine
761 960 986 1021 corporis,
1023 960 1164 1020 supra
1186 958 1362 1004 Aunal.
1390 957 1457 1003 II.
1490 960 1561 1005 14.

240 1023 504 1070 lectissimis
529 1024 764 1071 coloribus
787 1026 960 1072 fucata.
1032 1023 1160 1071 Haec
1185 1023 1338 1085 prima
1364 1024 1564 1081 virtutis,

242 1088 414 1136 deinde
480 1089 757 1145 nobilitatis,
814 1090 1044 1152 insignia,
1105 1089 1232 1143 inde,
1297 1089 1566 1137 labentibus

242 1155 449 1210 saeculis,
511 1153 805 1203 Haeraldicae
852 1157 978 1212 artis,
1054 1171 1199 1218 quam
1255 1155 1456 1202 dicimus
1505 1155 1568 1202 les

241 1221 520 1276 Armoiries,
579 1221 619 1266 le
655 1221 846 1276 Blason,
882 1222 1030 1285 origo.
1100 1220 1393 1267 Privatorum
1435 1228 1569 1268 scuta

244 1286 481 1333 coloribus
499 1286 686 1332 tantum
702 1286 941 1342 distincta,
976 1287 1218 1349 principes
1241 1285 1301 1332 ad
1323 1285 1485 1341 decus,
1521 1294 1570 1333 et

243 1350 303 1397 ad
340 1359 677 1406 tutamentum,
733 1352 863 1413 (nam
906 1353 1145 1400 difficilius
1178 1352 1565 1414 penetrabantur)

243 1417 519 1464 animalium
534 1418 714 1480 effigies
730 1419 874 1466 scutis
891 1418 1145 1466 addebant.
1553 1421 1556 1426 ’

309 1549 346 1578 49
379 1549 557 1595 Paucis
587 1549 780 1614 [oriae]
829 1546 956 1597 Vide
994 1553 1136 1612 supra
1170 1549 1347 1596 Annal.
1384 1548 1452 1597 ΙΙ,
1497 1549 1570 1600 14.

245 1610 360 1660 Non
397 1615 595 1662 loricam
633 1614 892 1671 Germano,
942 1633 1038 1663 non
1069 1616 1268 1677 galeam.
1333 1614 1466 1662 Ann.
1500 1615 1571 1664 II.

243 1695 359 1741 pag.
394 1684 472 1727 80.
517 1681 610 1726 Ed.
678 1681 984 1728 Cimbrorum
1012 1681 1228 1727 habitum
1265 1681 1409 1742 paulo
1439 1681 1575 1729 aliter

248 1745 472 1792 describit
495 1745 776 1794 Plutarchus
800 1747 849 1792 in
871 1746 1050 1802 Mario,
1086 1763 1200 1808 pag.
1225 1747 1335 1792 420.
1377 1745 1571 1804 Galeas,

248 1809 421 1872 inquit,
454 1813 697 1874 gerebant,
734 1828 834 1874 quse
870 1820 1006 1859 erant
1045 1813 1091 1858 in
1131 1813 1386 1859 belluarum
1424 1813 1576 1859 rictus

249 1876 461 1937 aliasque
517 1878 771 1924 inusitatas
806 1879 1001 1942 figuras
1032 1879 1278 1937 formatce,
1346 1885 1394 1924 et
1432 1878 1576 1925 alatis

249 1943 426 1998 (fissis,
454 1950 506 1988 ut
526 1943 592 1988 all
601 1944 717 1989 iores
734 1944 1023 1998 viderentur,
1045 1945 1334 2006 fastigiatce.
1390 1943 1579 1991 Loricis

234 2007 422 2064 sei-reis
471 2017 609 2054 erant
649 2011 808 2056 ornati
815 2032 834 2064 ‚-
888 2009 1102 2056 candidis
1140 2010 1378 2056 micabant
1411 2009 1574 2056 scutis.

251 2071 460 2136 Singulis
496 2081 601 2120 erat
643 2075 783 2122 telum.
831 2075 1023 2136 bipenne
1032 2097 1050 2129 ,·
1110 2083 1174 2130 et,
1226 2076 1346 2135 pede
1390 2075 1575 2129 collato,

252 2138 520 2201 ingentibus
540 2141 855 2203 gravibusque
871 2143 1125 2187 utebantur
1138 2141 1329 2204 gladiis.
1382 2140 1454 2187 At
1470 2142 1578 2187 haec

252 2219 383 2249 arma
427 2205 476 2250 in
521 2205 688 2252 itinere
733 2207 862 2253 fuere
916 2215 1207 2268 comparata,
1264 2215 1318 2252 ut
1363 2208 1580 2253 observat

252 2270 463 2315 eruditus
513 2270 775 2327 Eccardus,
846 2272 902 2318 de
964 2272 1161 2335 Origine
1219 2271 1581 2334 Germanorum,

252 2350 363 2397 pag.
389 2338 465 2386 78.
538 2336 656 2383 Inde
694 2337 931 2384 Holsatici
974 2337 1145 2383 tumuli
1192 2338 1292 2400 ejus
1335 2337 1579 2400 temporis,

252 2416 422 2460 parum
455 2403 579 2456 aeris,
615 2403 790 2451 ferrum
829 2403 1009 2449 nullum
1049 2403 1243 2449 habent.
1330 2402 1388 2450 In
1425 2403 1480 2450 iis
1510 2419 1582 2449 re-

252 2466 500 2524 periuntur
524 2469 747 2515 acumina
763 2470 1002 2515 hastarum
1018 2468 1221 2529 lapidea,
1257 2475 1305 2514 et
1320 2469 1583 2531 gladiorum

255 2529 361 2577 loco
379 2531 535 2588 cunei,
556 2548 674 2596 quos
690 2534 858 2597 vulgus
875 2534 1053 2595 lapides
1071 2535 1312 2581 ceraunios
1327 2533 1549 2598 appellat.
