1668 3053
281 260 351 295 AD
376 258 477 294 Lm.
505 255 577 293 DE
602 256 840 293 MORmUS
866 256 1262 294 GERMANORUM.
1339 248 1421 292 131

120 360 300 406 domum
321 375 424 406 cum
441 358 670 405 adulterio
684 360 1100 413 commaculaverit,
1124 358 1196 404 vel
1207 355 1251 404 si
1263 356 1429 402 mulier

121 426 368 480 maritata,
401 424 565 484 fracto
581 423 761 480 foedere
790 424 1094 479 matrimonii,
1145 422 1428 468 adulterium

116 490 483 550 perpetraverit,
520 488 770 549 aliqnando
786 496 953 551 cogunt
968 504 1069 534 eam
1079 486 1275 547 prop-rid
1292 503 1430 532 manu

116 568 206 615 per
251 555 465 616 laqueum
506 566 768 614 suspensam
816 556 956 600 vitam
980 554 1147 609 ¹linire,
1203 562 1248 598 et
1294 566 1433 610 super

124 621 304 666 bustum
337 619 461 665 illius
492 619 680 665 incensae
710 626 756 664 et
786 625 1084 665 concrematae
1118 624 1432 676 corruptorem

121 688 220 742 ejus
260 684 567 744 suspendunt:
621 682 873 744 aliquando
915 690 1190 745 congregato
1226 683 1432 728 exercitu

109 750 334 806 femineo,
391 748 691 812 flagellatam
745 764 846 794 eam
900 749 1114 794 mulieres
1154 762 1243 808 per
1288 762 1433 807 pagos

124 816 480 875 circumquaque
495 813 667 860 ducunt
675 835 695 868 ,-
712 814 856 876 virgis
871 813 1092 860 caedentes
1104 820 1147 858 et
1165 813 1433 858 vestimenta

123 879 170 924 ei
207 879 519 925 abscindentes
554 881 701 936 juxta
739 878 971 940 cingulum
1011 885 1053 923 et
1099 877 1298 923 cultellis
1340 877 1435 922 suis

126 950 271 989 totum
311 957 473 1004 corpus
509 945 606 1001 ejus
640 950 845 990 secantes
874 951 920 988 et
934 950 1207 1005 pungentes,
1244 942 1436 986 minutis

123 1009 388 1054 vulneribus
433 1015 726 1055 cruentatam
766 1016 812 1054 et
849 1009 1102 1054 laceratam
1145 1007 1199 1052 de
1235 1006 1347 1052 silla
1387 1007 1435 1050 in

125 1074 284 1119 villam
306 1075 517 1127 mittunt,
553 1081 599 1118 et
623 1080 869 1119 occurrunt
892 1087 1069 1133 semper
1092 1071 1435 1134 nosceflagilla-

125 1138 278 1192 trices,
315 1138 410 1183 zelo
427 1137 668 1198 pudicitiae
687 1137 916 1191 adductae,
955 1153 1094 1198 usque
1113 1137 1216 1181 dum
1237 1153 1335 1182 eam
1354 1143 1439 1181 aut

123 1210 373 1256 mortuam,
411 1210 495 1248 aut
524 1204 600 1248 vix
629 1203 780 1248 vivam
814 1202 1138 1263 derelinquant
1147 1224 1164 1255 ,-
1204 1209 1254 1246 ut
1278 1209 1438 1247 ceterae

125 1268 337 1314 timorem
355 1267 658 1313 adulterandi
677 1275 724 1312 et
742 1267 1015 1314 luxuriandi
1035 1267 1243 1312 babeant.
1314 1264 1439 1311 Vide

123 1330 420 1379 Michaelem
458 1331 726 1387 Alfordum,
776 1332 978 1378 Annales
1011 1332 1230 1377 Ecclesiae
1265 1331 1437 1393 Anglo-

124 1396 377 1453 Saxonicae,
431 1395 570 1443 Tom.
622 1397 690 1442 H.
742 1414 851 1459 pag.
900 1395 1010 1447 569.
1060 1406 1105 1442 et
1151 1395 1436 1450 Eccardum,

125 1462 182 1508 de
196 1461 350 1509 Rebus
362 1461 413 1509 F
411 1463 581 1508 ranciae
603 1461 876 1516 Orientalis,
908 1459 1047 1507 Tom.
1068 1461 1108 1507 I.
1134 1477 1242 1523 pag.
1262 1461 1370 1511 472.

186 1589 243 1638 Ψ
275 1591 535 1638 Publicatae
566 1590 727 1653 enim]
765 1589 950 1645 Verihs,
980 1591 1232 1651 publicatae
1265 1591 1434 1644 etiam,-

75 1689 84 1697 .
123 1662 176 1702 ut
197 1655 245 1701 id
267 1655 329 1702 ad
350 1656 571 1718 innuptas
596 1657 843 1718 pertineat.

187 1783 240 1808 ¹⁵⁶
272 1783 498 1830 Sceculum
522 1783 752 1846 vocatur]
790 1782 1004 1829 Primum
1040 1783 1162 1829 vitiis
1190 1782 1343 1846 pudor
1371 1793 1440 1830 est

123 1855 171 1894 et
192 1847 408 1904 infamia,
445 1864 559 1896 mox
581 1849 786 1910 gliscunt
810 1848 1030 1894 audacia:
1068 1849 1261 1894 demum
1286 1865 1438 1895 mores

122 1913 270 1968 fiunt,
305 1922 424 1968 tum,
452 1913 702 1977 profligat&
716 1913 964 1976 pudicitie,
999 1913 1170 1968 vivere,
1207 1914 1437 1960 saeculum

121 1986 330 2026 vocatur.

192 2109 243 2136 '‘⁵''
276 2108 362 2155 Eae
395 2109 644 2172 civitates]
699 2107 838 2156 Tales
879 2109 1095 2156 videntur
1129 2110 1268 2156 fuisse
1307 2109 1435 2156 Cim-

123 2174 316 2220 brorum
356 2174 585 2229 civitates,
636 2182 689 2220 ut
727 2174 965 2236 conjicere
1000 2174 1114 2222 licet
1153 2191 1212 2221 ex
1249 2173 1440 2223 Valerio

122 2237 347 2286 NIaximo
388 2237 479 2284 VI.
546 2242 584 2284 1.
635 2254 764 2285 num.
807 2242 852 2284 3.
912 2240 1107 2286 Extern.
1186 2240 1440 2286 Teutonum

124 2306 338 2365 conjuges
370 2303 585 2349 Marium
644 2305 860 2350 victorem
908 2314 1120 2360 orarunt,
1191 2313 1243 2350 nt
1292 2306 1347 2350 ab
1391 2322 1440 2350 eo

124 2369 385 2431 virginibus
407 2367 667 2414 Vestalibus
685 2368 798 2414 dono
813 2371 1130 2426 mitterentur,
1156 2370 1441 2432 affirmantes

124 2431 250 2493 aeque
286 2450 349 2488 se,
407 2440 546 2493 atque
583 2434 688 2480 illas
727 2434 879 2479 virilis
923 2432 1189 2481 concubitus
1232 2441 1441 2494 e.z·pertes

111 2498 333 2555 futuras,
396 2496 539 2557 edane
577 2515 628 2544 re
671 2513 758 2542 non
796 2499 1063 2560 impetrata,
1122 2501 1298 2561 laqueis
1335 2499 1438 2553 sibi,

125 2571 254 2610 nocte
286 2561 518 2622 proxima,
573 2564 791 2623 spiritum
826 2566 1114 2624 eripuerunt.
1186 2563 1310 2611 Vide
1338 2565 1443 2625 jam

125 2625 255 2674 dicta
277 2630 417 2691 supi-51
442 2641 546 2690 cap.
573 2630 617 2675 8.
641 2635 738 2675 not.
766 2625 811 2672 6.

748 2710 847 2754 ΚΞ
