1668 3053
652 290 943 328 GERMANIA.
1395 270 1424 319 3

190 386 282 438 111.
319 390 433 437 Sunt
471 391 560 436 illis
591 390 697 436 haec
734 405 923 452 quoque
959 377 1205 440 carmina,'
1229 400 1435 446 quorum·

126 473 288 526 relatu,
300 487 440 533 quem
453 471 700 519 Bardilum
712 470 935 524 voca11t‚2⁷
951 466 1217 514 accendunt
1231 466 1428 519 animos,

125 553 390 613 futuraeque
405 567 582 612 pugnae
599 551 831 597 fortunam
845 550 947 610 ipso
963 557 1104 596 cantu
1119 555 1426 608 augurantur:

125 640 299 677 terrent
314 631 455 684 enim,
480 631 787 690 trepidantve,
808 637 947 690 prout
965 627 1118 674 sonuit
1133 627 1270 673 acies.
1324 623 1431 671 Nec

127 721 225 758 tam
243 727 380 759 voces
396 713 505 766 issae,
543 714 686 773 quam
700 711 881 757 virtutis
898 718 1173 762 concentus,
1192 708 1428 753 videntur:

129 793 389 840 adfectatur
440 793 684 854 praecipue
732 792 954 853 asperitas
990 791 1106 845 soni,
1153 798 1200 836 et
1234 789 1435 834 fractum

129 889 354 927 murmur,
415 873 614 935 objectis
648 873 708 918 ad
738 888 788 918 os
825 872 985 925 scutis,
1030 872 1132 932 -quo
1161 870 1361 930 ‘plenior'
1390 878 1437 916 et

130 952 311 1013 gravior
349 969 442 1000 vox
472 969 747 1014 repercussu
778 951 1074 998 intumescat.
1145 947 1368 996 Ceterum
1390 955 1438 994 et

133 1039 165 1059 “
190 1031 416 1079 Ulixem’'
469 1033 662 1094 quidam
709 1033 976 1094 opinantur,
1041 1031 1240 1091 “longo
1273 1022 1352 1076 illo
1392 1035 1439 1074 et

131 1119 163 1140 ‘⁶
187 1113 397 1159 fabuloso
424 1115 612 1159 errorem3
645 1114 695 1158 in
730 1120 762 1139 “
787 1114 915 1158 hunc
939 1110 1190 1157 Oceanum
1212 1111 1437 1163 delatum,

136 1199 167 1219 “
193 1192 341 1239 adisse
396 1191 667 1241 Germaniae
742 1186 902 1246 terras,
949 1191 1441 1252 Asciburgiumque‚²'⁹

136 1278 168 1298 “
193 1272 336 1333 quod,
388 1272 439 1317 in
483 1273 585 1333 ripa
633 1270 785 1318 Rheni
824 1273 981 1327 situm,
1034 1271 1270 1332 hodieque
1312 1271 1443 1316 inco-

133 1359 166 1379 “
190 1352 353 1406 litur‚³⁰
412 1354 471 1399 ab
531 1353 610 1399 illo
663 1353 989 1407 constitutum,
1055 1352 1446 1412 nominatumque

131 1439 164 1461 “
188 1440 564 1480 ΑΣΚΙΠΥΡΓΙΟΝ.
634 1433 785 1479 Aram
808 1434 1070 1494 quinetiam
1103 1430 1238 1477 Ulixi
1280 1446 1443 1477 conse·

133 1518 165 1539 “
190 1519 384 1569 oratam,
430 1512 617 1573 adjecto
640 1511 825 1559 Laertae
850 1513 994 1574 patris
1028 1512 1238 1566 nomine,
1277 1511 1447 1557 eodem

137 1599 168 1620 ‘⁶
193 1593 318 1647 1000,
340 1592 452 1639 olim
467 1603 724 1655 repertam:
745 1603 1164 1656 monumentaque,
1183 1602 1229 1642 et
1244 1594 1449 1640 tumulos

136 1679 168 1699 “
193 1672 436 1734 quosdam,
479 1672 664 1720 Graecis
681 1675 825 1720 literis
840 1675 1146 1736 inscriptos,³¹
1171 1674 1219 1721 in
1237 1673 1449 1720 confinio

139 1759 171 1781 “
197 1751 470 1800 Germaniae
519 1752 787 1816 Raetiaeque
842 1754 997 1801 adhuc
1043 1753 1287 1801 exstare:”
1340 1768 1452 1815 quae

140 1844 294 1896 neque
316 1833 599 1881 confirmare
617 1836 920 1896 argumentis,
978 1850 1133 1896 neque
1169 1833 1374 1882 refellere
1403 1834 1454 1883 in

140 1915 298 1961 animo
332 1923 424 1961 est:
477 1930 536 1960 ex
572 1915 764 1976 ingenio
803 1932 887 1962 suo
919 1915 1119 1977 quisque
1163 1915 1336 1968 demat,
1380 1913 1451 1960 vel

144 1997 282 2044 addat
297 1997 454 2044 fidem.

207 2156 295 2205 IV.
332 2157 442 2220 Ipse
454 2172 615 2205 eorum
630 2156 929 2220 opinionibus
951 2146 1146 2213 accedo,
1173 2158 1254 2221 qui
1279 2166 1311 2186 “
1338 2158 1455 2206 Ger-

148 2244 179 2264 “
203 2238 376 2284 manias
416 2238 616 2299 populos
655 2239 793 2287 nullis
839 2239 938 2285 aliis
985 2240 1181 2287 aliarum
1215 2241 1460 2288 nationum

148 2324 180 2344 “
204 2317 420 2364 conubiis
453 2317 666 2372 infectos,
709 2318 967 2380 propriam,
1025 2328 1073 2367 et
1115 2321 1359 2376 sinceram,
1415 2329 1463 2369 et

149 2405 181 2426 “
206 2398 391 2449 tantum
425 2398 496 2445 sui
544 2398 745 2445 similem
779 2408 971 2461 gentem
1025 2401 1288 2449 exstitisse”
1341 2403 1463 2450 arbi-

150 2487 344 2527 trantur.
413 2477 554 2525 Unde
577 2480 764 2527 habitus
787 2496 975 2544 quoque
993 2498 1261 2544 corporum,
1299 2500 1463 2546 quam·

152 2564 358 2625 quamin
380 2571 511 2610 tanto
526 2564 771 2611 hominum
794 2581 1006 2621 numem,
1039 2567 1166 2615 idem
1184 2568 1468 2622 omnibusz³⁹

149 2655 304 2693 truces
340 2654 386 2693 et
410 2646 604 2694 caerulei
660 2648 802 2701 oculi,
852 2649 1007 2697 rutilae
1040 2651 1250 2706 comaef‘?
1295 2668 1471 2717 magna
