<?xml version="1.0" encoding="UTF-8"?>
<!DOCTYPE html PUBLIC "-//W3C//DTD XHTML 1.0 Transitional//EN"
    "http://www.w3.org/TR/xhtml1/DTD/xhtml1-transitional.dtd">
<html xmlns="http://www.w3.org/1999/xhtml" xml:lang="en" lang="en">
 <head>
  <title>
</title>
<meta http-equiv="Content-Type" content="text/html;charset=utf-8" />
  <meta name='ocr-system' content='tesseract 3.04.00' />
  <meta name='ocr-capabilities' content='ocr_page ocr_carea ocr_par ocr_line ocrx_word'/>
</head>
<body>
  <div class='ocr_page' id='page_1' title='image "./demoribusgermano00taciuoft_0185.png"; bbox 0 0 1668 3053; ppageno 0'>
   <div class='ocr_carea' id='block_1_1' title="bbox 264 194 1425 249">
    <p class='ocr_par' dir='ltr' id='par_1_1' title="bbox 264 194 1425 249">
     <span class='ocr_line' id='line_1_1' title="bbox 264 194 1425 249; baseline 0.003 -12"><span class='ocrx_word' id='word_1_1' title='bbox 264 202 333 237; x_wconf 87' lang='lat' dir='ltr'>AD</span> <span class='ocrx_word' id='word_1_2' title='bbox 369 202 469 238; x_wconf 84' lang='lat' dir='ltr'>LIB.</span> <span class='ocrx_word' id='word_1_3' title='bbox 496 202 567 238; x_wconf 88' lang='lat' dir='ltr'>DE</span> <span class='ocrx_word' id='word_1_4' title='bbox 604 202 840 239; x_wconf 79' lang='lat' dir='ltr'>MORIBUS</span> <span class='ocrx_word' id='word_1_5' title='bbox 876 202 1275 241; x_wconf 77' lang='lat' dir='ltr'>GERMANORUM.</span> <span class='ocrx_word' id='word_1_6' title='bbox 1336 194 1425 249; x_wconf 73' lang='lat'>169</span> 
     </span>
    </p>
   </div>
   <div class='ocr_carea' id='block_1_2' title="bbox 124 301 1437 555">
    <p class='ocr_par' dir='ltr' id='par_1_2' title="bbox 124 301 1437 555">
     <span class='ocr_line' id='line_1_2' title="bbox 124 301 1437 368; baseline 0.005 -22"><span class='ocrx_word' id='word_1_7' title='bbox 124 302 351 348; x_wconf 77' lang='lat' dir='ltr'><em>scrobibus</em></span> <span class='ocrx_word' id='word_1_8' title='bbox 386 304 432 348; x_wconf 85' lang='lat' dir='ltr'>z‘n</span> <span class='ocrx_word' id='word_1_9' title='bbox 469 303 685 349; x_wconf 66' lang='lat' dir='ltr'>vestibulo</span> <span class='ocrx_word' id='word_1_10' title='bbox 721 301 892 352; x_wconf 58' lang='lat' dir='ltr'>dormis.</span> <span class='ocrx_word' id='word_1_11' title='bbox 963 304 1032 350; x_wconf 84' lang='lat' dir='ltr'>Et</span> <span class='ocrx_word' id='word_1_12' title='bbox 1071 304 1137 350; x_wconf 80' lang='lat' dir='ltr'>hae</span> <span class='ocrx_word' id='word_1_13' title='bbox 1168 313 1342 368; x_wconf 70' lang='lat' dir='ltr'>gentes,</span> <span class='ocrx_word' id='word_1_14' title='bbox 1391 306 1437 357; x_wconf 70' lang='lat' dir='ltr'>sl</span> 
     </span>
     <span class='ocr_line' id='line_1_3' title="bbox 124 367 1433 427; baseline 0.002 -16"><span class='ocrx_word' id='word_1_15' title='bbox 124 367 370 412; x_wconf 71' lang='lat' dir='ltr'>vincantur</span> <span class='ocrx_word' id='word_1_16' title='bbox 421 368 551 414; x_wconf 80' lang='lat' dir='ltr'>hodie</span> <span class='ocrx_word' id='word_1_17' title='bbox 599 384 628 413; x_wconf 85' lang='grc' dir='ltr'><em>α</em></span> <span class='ocrx_word' id='word_1_18' title='bbox 675 370 842 427; x_wconf 79' lang='lat' dir='ltr'>populo</span> <span class='ocrx_word' id='word_1_19' title='bbox 884 369 1106 423; x_wconf 69' lang='lat' dir='ltr'>Romarm,</span> <span class='ocrx_word' id='word_1_20' title='bbox 1162 372 1337 416; x_wconf 74' lang='lat' dir='ltr'>servire</span> <span class='ocrx_word' id='word_1_21' title='bbox 1384 385 1433 421; x_wconf 77' lang='lat' dir='ltr'>se</span> 
     </span>
     <span class='ocr_line' id='line_1_4' title="bbox 124 429 1433 494; baseline 0.004 -20"><span class='ocrx_word' id='word_1_22' title='bbox 124 429 294 476; x_wconf 81' lang='lat' dir='ltr'>dicunt.</span> <span class='ocrx_word' id='word_1_23' title='bbox 366 432 448 478; x_wconf 78' lang='lat' dir='ltr'>Ita</span> <span class='ocrx_word' id='word_1_24' title='bbox 473 440 541 479; x_wconf 81' lang='lat' dir='ltr'>est</span> <span class='ocrx_word' id='word_1_25' title='bbox 568 432 810 492; x_wconf 56' lang='lat' dir='ltr'>profesta:</span> <span class='ocrx_word' id='word_1_26' title='bbox 863 433 1020 480; x_wconf 76' lang='lat' dir='ltr'>multis</span> <span class='ocrx_word' id='word_1_27' title='bbox 1034 433 1239 493; x_wconf 70' lang='lat' dir='ltr'>fortuna</span> <span class='ocrx_word' id='word_1_28' title='bbox 1267 435 1433 494; x_wconf 72' lang='lat' dir='ltr'>parcit</span> 
     </span>
     <span class='ocr_line' id='line_1_5' title="bbox 124 508 382 555; baseline 0.012 -16"><span class='ocrx_word' id='word_1_29' title='bbox 124 510 170 540; x_wconf 86' lang='lat' dir='ltr'>m</span> <span class='ocrx_word' id='word_1_30' title='bbox 188 508 382 555; x_wconf 80' lang='lat' dir='ltr'>paemzm.</span> 
     </span>
    </p>
   </div>
   <div class='ocr_carea' id='block_1_3' title="bbox 119 627 1429 818">
    <p class='ocr_par' dir='ltr' id='par_1_3' title="bbox 119 627 1429 818">
     <span class='ocr_line' id='line_1_6' title="bbox 184 627 1429 692; baseline 0.002 -19"><span class='ocrx_word' id='word_1_31' title='bbox 184 627 238 657; x_wconf 61' lang='lat'>²⁸4</span> <span class='ocrx_word' id='word_1_32' title='bbox 276 627 497 674; x_wconf 80' lang='lat' dir='ltr'><em>Omnibus</em></span> <span class='ocrx_word' id='word_1_33' title='bbox 521 628 694 691; x_wconf 56' lang='lat' dir='ltr'>arma]</span> <span class='ocrx_word' id='word_1_34' title='bbox 736 629 853 676; x_wconf 80' lang='lat' dir='ltr'>Inde</span> <span class='ocrx_word' id='word_1_35' title='bbox 890 638 1056 692; x_wconf 86' lang='lat' dir='ltr'>postea</span> <span class='ocrx_word' id='word_1_36' title='bbox 1090 630 1245 692; x_wconf 90' lang='lat' dir='ltr'>posita</span> <span class='ocrx_word' id='word_1_37' title='bbox 1274 646 1303 676; x_wconf 86' lang='lat' dir='ltr'>a</span> <span class='ocrx_word' id='word_1_38' title='bbox 1334 627 1429 684; x_wconf 84' lang='lat' dir='ltr'>Ro-</span> 
     </span>
     <span class='ocr_line' id='line_1_7' title="bbox 119 692 1427 758; baseline 0.005 -23"><span class='ocrx_word' id='word_1_39' title='bbox 119 692 268 736; x_wconf 87' lang='lat' dir='ltr'>manis</span> <span class='ocrx_word' id='word_1_40' title='bbox 308 694 542 753; x_wconf 81' lang='lat' dir='ltr'>praesidia,</span> <span class='ocrx_word' id='word_1_41' title='bbox 600 695 658 740; x_wconf 83' lang='lat' dir='ltr'>ad</span> <span class='ocrx_word' id='word_1_42' title='bbox 698 695 986 741; x_wconf 88' lang='lat' dir='ltr'>cohibendos</span> <span class='ocrx_word' id='word_1_43' title='bbox 1015 693 1253 750; x_wconf 69' lang='lat' dir='ltr'>Chaucoe,</span> <span class='ocrx_word' id='word_1_44' title='bbox 1311 711 1427 758; x_wconf 79' lang='lat' dir='ltr'>quos</span> 
     </span>
     <span class='ocr_line' id='line_1_8' title="bbox 119 754 1337 818; baseline 0.004 -18"><span class='ocrx_word' id='word_1_45' title='bbox 119 754 307 818; x_wconf 81' lang='lat' dir='ltr'>Caycos</span> <span class='ocrx_word' id='word_1_46' title='bbox 323 757 440 803; x_wconf 81' lang='lat' dir='ltr'>dixit</span> <span class='ocrx_word' id='word_1_47' title='bbox 460 757 697 813; x_wconf 88' lang='lat' dir='ltr'>Lucanus,</span> <span class='ocrx_word' id='word_1_48' title='bbox 738 760 775 804; x_wconf 95' lang='lat' dir='ltr'>I.</span> <span class='ocrx_word' id='word_1_49' title='bbox 803 758 910 805; x_wconf 75' lang='lat'>463.</span> <span class='ocrx_word' id='word_1_50' title='bbox 1327 762 1337 766; x_wconf 70' lang='grc'><em>”</em></span> 
     </span>
    </p>
   </div>
   <div class='ocr_carea' id='block_1_4' title="bbox 367 854 1124 956">
    <p class='ocr_par' dir='ltr' id='par_1_4' title="bbox 367 854 1124 956">
     <span class='ocr_line' id='line_1_9' title="bbox 367 854 1124 907; baseline 0.001 -16"><span class='ocrx_word' id='word_1_51' title='bbox 367 855 412 891; x_wconf 76' lang='lat' dir='ltr'>Et</span> <span class='ocrx_word' id='word_1_52' title='bbox 430 867 493 891; x_wconf 81' lang='lat' dir='ltr'>vos</span> <span class='ocrx_word' id='word_1_53' title='bbox 508 855 707 907; x_wconf 82' lang='lat' dir='ltr'>crinigeros</span> <span class='ocrx_word' id='word_1_54' title='bbox 722 854 822 892; x_wconf 79' lang='lat' dir='ltr'>bellis</span> <span class='ocrx_word' id='word_1_55' title='bbox 840 867 963 893; x_wconf 87' lang='lat' dir='ltr'>arcere</span> <span class='ocrx_word' id='word_1_56' title='bbox 979 855 1124 906; x_wconf 82' lang='lat' dir='ltr'>C&#39;a&#39;ycos</span> 
     </span>
     <span class='ocr_line' id='line_1_10' title="bbox 369 905 554 956; baseline 0.011 -14"><span class='ocrx_word' id='word_1_57' title='bbox 369 905 554 956; x_wconf 81' lang='lat' dir='ltr'>oppositi.</span> 
     </span>
    </p>
   </div>
   <div class='ocr_carea' id='block_1_5' title="bbox 114 998 1420 1057">
    <p class='ocr_par' dir='ltr' id='par_1_5' title="bbox 114 998 1420 1057">
     <span class='ocr_line' id='line_1_11' title="bbox 114 998 1420 1057; baseline 0.005 -14"><span class='ocrx_word' id='word_1_58' title='bbox 114 998 236 1047; x_wconf 87' lang='lat' dir='ltr'>Vide</span> <span class='ocrx_word' id='word_1_59' title='bbox 251 1009 298 1046; x_wconf 90' lang='lat' dir='ltr'>et</span> <span class='ocrx_word' id='word_1_60' title='bbox 312 999 643 1056; x_wconf 81' lang='lat' dir='ltr'>Claudianum,</span> <span class='ocrx_word' id='word_1_61' title='bbox 682 1002 740 1048; x_wconf 87' lang='lat' dir='ltr'>de</span> <span class='ocrx_word' id='word_1_62' title='bbox 755 1003 970 1050; x_wconf 84' lang='lat' dir='ltr'><strong>laudibus</strong></span> <span class='ocrx_word' id='word_1_63' title='bbox 983 1001 1235 1057; x_wconf 88' lang='lat' dir='ltr'>Stiliconis‚</span> <span class='ocrx_word' id='word_1_64' title='bbox 1257 1002 1294 1048; x_wconf 94' lang='lat' dir='ltr'>I.</span> <span class='ocrx_word' id='word_1_65' title='bbox 1314 1006 1420 1051; x_wconf 74' lang='lat'>225.</span> 
     </span>
    </p>
   </div>
   <div class='ocr_carea' id='block_1_6' title="bbox 91 1130 1424 2624">
    <p class='ocr_par' dir='ltr' id='par_1_6' title="bbox 91 1130 1424 2624">
     <span class='ocr_line' id='line_1_12' title="bbox 194 1130 1424 1194; baseline 0.002 -16"><span class='ocrx_word' id='word_1_66' title='bbox 194 1131 247 1157; x_wconf 73' lang='lat'>²⁷⁸⁵</span> <span class='ocrx_word' id='word_1_67' title='bbox 286 1130 544 1194; x_wconf 64' lang='lat' dir='ltr'>Cherusci]</span> <span class='ocrx_word' id='word_1_68' title='bbox 603 1131 762 1187; x_wconf 83' lang='lat' dir='ltr'>Tunc,</span> <span class='ocrx_word' id='word_1_69' title='bbox 829 1133 949 1179; x_wconf 86' lang='lat' dir='ltr'>infra</span> <span class='ocrx_word' id='word_1_70' title='bbox 997 1131 1235 1188; x_wconf 86' lang='lat' dir='ltr'>Chaucos,</span> <span class='ocrx_word' id='word_1_71' title='bbox 1303 1133 1424 1189; x_wconf 66' lang='lat' dir='ltr'>inter</span> 
     </span>
     <span class='ocr_line' id='line_1_13' title="bbox 110 1195 1423 1258; baseline 0.003 -18"><span class='ocrx_word' id='word_1_72' title='bbox 110 1195 369 1258; x_wconf 87' lang='lat' dir='ltr'>Visurgim,</span> <span class='ocrx_word' id='word_1_73' title='bbox 406 1198 446 1242; x_wconf 85' lang='lat' dir='ltr'>le</span> <span class='ocrx_word' id='word_1_74' title='bbox 473 1197 644 1252; x_wconf 77' lang='lat' dir='ltr'>Weser,</span> <span class='ocrx_word' id='word_1_75' title='bbox 670 1207 715 1243; x_wconf 90' lang='lat' dir='ltr'>et</span> <span class='ocrx_word' id='word_1_76' title='bbox 731 1197 914 1252; x_wconf 82' lang='lat' dir='ltr'>Albim,</span> <span class='ocrx_word' id='word_1_77' title='bbox 941 1197 1109 1252; x_wconf 75' lang='lat' dir='ltr'>l’Elbe,</span> <span class='ocrx_word' id='word_1_78' title='bbox 1145 1198 1423 1252; x_wconf 81' lang='lat' dir='ltr'>habitabant</span> 
     </span>
     <span class='ocr_line' id='line_1_14' title="bbox 112 1259 1422 1325; baseline 0.005 -20"><span class='ocrx_word' id='word_1_79' title='bbox 112 1259 355 1316; x_wconf 79' lang='lat' dir='ltr'>Cherusci,</span> <span class='ocrx_word' id='word_1_80' title='bbox 393 1262 617 1311; x_wconf 84' lang='lat' dir='ltr'>ubinunc</span> <span class='ocrx_word' id='word_1_81' title='bbox 633 1263 928 1325; x_wconf 78' lang='lat' dir='ltr'>Lunebourg,</span> <span class='ocrx_word' id='word_1_82' title='bbox 966 1263 1232 1316; x_wconf 72' lang='lat' dir='ltr'>Brunswilt,</span> <span class='ocrx_word' id='word_1_83' title='bbox 1260 1266 1422 1321; x_wconf 75' lang='lat' dir='ltr'>partie</span> 
     </span>
     <span class='ocr_line' id='line_1_15' title="bbox 111 1324 1420 1390; baseline 0.002 -18"><span class='ocrx_word' id='word_1_84' title='bbox 111 1326 168 1372; x_wconf 83' lang='lat' dir='ltr'>de</span> <span class='ocrx_word' id='word_1_85' title='bbox 203 1327 250 1374; x_wconf 82' lang='lat' dir='ltr'>la</span> <span class='ocrx_word' id='word_1_86' title='bbox 285 1327 489 1372; x_wconf 74' lang='lat' dir='ltr'>Marclae</span> <span class='ocrx_word' id='word_1_87' title='bbox 523 1327 578 1373; x_wconf 82' lang='lat' dir='ltr'>de</span> <span class='ocrx_word' id='word_1_88' title='bbox 601 1327 939 1390; x_wconf 57' lang='lat' dir='ltr'>Brayzdebourg</span> <span class='ocrx_word' id='word_1_89' title='bbox 962 1343 1016 1372; x_wconf 82' lang='lat' dir='ltr'>en</span> <span class='ocrx_word' id='word_1_90' title='bbox 1040 1324 1151 1386; x_wconf 63' lang='lat' dir='ltr'>desc}</span> <span class='ocrx_word' id='word_1_91' title='bbox 1176 1327 1230 1372; x_wconf 82' lang='lat' dir='ltr'>de</span> <span class='ocrx_word' id='word_1_92' title='bbox 1254 1327 1420 1381; x_wconf 64' lang='lat' dir='ltr'>l&#39;Effie.</span> 
     </span>
     <span class='ocr_line' id='line_1_16' title="bbox 110 1390 1422 1455; baseline 0.004 -19"><span class='ocrx_word' id='word_1_93' title='bbox 110 1390 274 1438; x_wconf 75' lang='lat' dir='ltr'>Latius</span> <span class='ocrx_word' id='word_1_94' title='bbox 302 1392 412 1438; x_wconf 89' lang='lat' dir='ltr'>olim</span> <span class='ocrx_word' id='word_1_95' title='bbox 438 1393 644 1454; x_wconf 83' lang='lat' dir='ltr'>Augusti</span> <span class='ocrx_word' id='word_1_96' title='bbox 666 1393 937 1454; x_wconf 84' lang='lat' dir='ltr'>principatu</span> <span class='ocrx_word' id='word_1_97' title='bbox 959 1392 1242 1445; x_wconf 76' lang='lat' dir='ltr'>habitavere,</span> <span class='ocrx_word' id='word_1_98' title='bbox 1280 1402 1422 1455; x_wconf 88' lang='lat' dir='ltr'>atque</span> 
     </span>
     <span class='ocr_line' id='line_1_17' title="bbox 108 1455 1419 1519; baseline 0.001 -15"><span class='ocrx_word' id='word_1_99' title='bbox 108 1456 250 1518; x_wconf 83' lang='lat' dir='ltr'>etiam</span> <span class='ocrx_word' id='word_1_100' title='bbox 294 1457 361 1503; x_wconf 91' lang='lat' dir='ltr'>cis</span> <span class='ocrx_word' id='word_1_101' title='bbox 396 1456 653 1519; x_wconf 78' lang='lat' dir='ltr'>Visurgim,</span> <span class='ocrx_word' id='word_1_102' title='bbox 706 1468 757 1504; x_wconf 90' lang='lat' dir='ltr'>ut</span> <span class='ocrx_word' id='word_1_103' title='bbox 796 1466 925 1518; x_wconf 85' lang='lat' dir='ltr'>patet</span> <span class='ocrx_word' id='word_1_104' title='bbox 961 1473 1020 1502; x_wconf 80' lang='lat' dir='ltr'>ex</span> <span class='ocrx_word' id='word_1_105' title='bbox 1048 1455 1190 1504; x_wconf 81' lang='lat' dir='ltr'><strong>Drusi</strong></span> <span class='ocrx_word' id='word_1_106' title='bbox 1228 1459 1419 1518; x_wconf 64' lang='lat' dir='ltr'>expedi-v</span> 
     </span>
     <span class='ocr_line' id='line_1_18' title="bbox 109 1520 1420 1586; baseline 0.002 -20"><span class='ocrx_word' id='word_1_107' title='bbox 109 1521 315 1569; x_wconf 87' lang='lat' dir='ltr'>tionibus</span> <span class='ocrx_word' id='word_1_108' title='bbox 335 1523 462 1583; x_wconf 86' lang='lat' dir='ltr'>apud</span> <span class='ocrx_word' id='word_1_109' title='bbox 479 1520 686 1568; x_wconf 84' lang='lat' dir='ltr'>Dionem</span> <span class='ocrx_word' id='word_1_110' title='bbox 706 1520 833 1567; x_wconf 75' lang='lat' dir='ltr'>LIV.</span> <span class='ocrx_word' id='word_1_111' title='bbox 859 1539 967 1586; x_wconf 88' lang='lat' dir='ltr'>pag.</span> <span class='ocrx_word' id='word_1_112' title='bbox 986 1523 1094 1566; x_wconf 66' lang='lat'>544.</span> <span class='ocrx_word' id='word_1_113' title='bbox 1123 1531 1168 1568; x_wconf 85' lang='lat' dir='ltr'>et</span> <span class='ocrx_word' id='word_1_114' title='bbox 1185 1521 1420 1578; x_wconf 76' lang='lat' dir='ltr'>Velleium</span> 
     </span>
     <span class='ocr_line' id='line_1_19' title="bbox 108 1584 1416 1643; baseline 0.004 -13"><span class='ocrx_word' id='word_1_115' title='bbox 108 1584 310 1632; x_wconf 58' lang='lat'>11.&gt;105.</span> <span class='ocrx_word' id='word_1_116' title='bbox 381 1585 446 1632; x_wconf 81' lang='lat' dir='ltr'>Ni</span> <span class='ocrx_word' id='word_1_117' title='bbox 485 1587 619 1640; x_wconf 81' lang='lat' dir='ltr'>forte,</span> <span class='ocrx_word' id='word_1_118' title='bbox 677 1597 728 1633; x_wconf 87' lang='lat' dir='ltr'>ut</span> <span class='ocrx_word' id='word_1_119' title='bbox 766 1588 981 1635; x_wconf 75' lang='lat' dir='ltr'>observat</span> <span class='ocrx_word' id='word_1_120' title='bbox 1016 1585 1086 1632; x_wconf 84' lang='lat' dir='ltr'>Cl.</span> <span class='ocrx_word' id='word_1_121' title='bbox 1122 1585 1416 1643; x_wconf 73' lang='lat' dir='ltr'>Dithmarus,</span> 
     </span>
     <span class='ocr_line' id='line_1_20' title="bbox 106 1650 1415 1713; baseline 0.002 -16"><span class='ocrx_word' id='word_1_122' title='bbox 106 1666 216 1712; x_wconf 84' lang='lat' dir='ltr'>quae</span> <span class='ocrx_word' id='word_1_123' title='bbox 241 1652 300 1697; x_wconf 90' lang='lat' dir='ltr'>de</span> <span class='ocrx_word' id='word_1_124' title='bbox 323 1650 574 1698; x_wconf 75' lang='lat' dir='ltr'>Cheruscis</span> <span class='ocrx_word' id='word_1_125' title='bbox 611 1651 678 1697; x_wconf 85' lang='lat' dir='ltr'>cis</span> <span class='ocrx_word' id='word_1_126' title='bbox 706 1651 948 1713; x_wconf 70' lang='lat' dir='ltr'>Visurgim</span> <span class='ocrx_word' id='word_1_127' title='bbox 984 1651 1209 1705; x_wconf 85' lang='lat' dir='ltr'>feruntur,</span> <span class='ocrx_word' id='word_1_128' title='bbox 1249 1653 1415 1698; x_wconf 87' lang='lat' dir='ltr'>intelli-</span> 
     </span>
     <span class='ocr_line' id='line_1_21' title="bbox 103 1715 1413 1777; baseline 0.002 -15"><span class='ocrx_word' id='word_1_129' title='bbox 103 1717 259 1776; x_wconf 86' lang='lat' dir='ltr'>genda</span> <span class='ocrx_word' id='word_1_130' title='bbox 276 1717 366 1762; x_wconf 87' lang='lat' dir='ltr'>sint</span> <span class='ocrx_word' id='word_1_131' title='bbox 384 1717 441 1761; x_wconf 86' lang='lat' dir='ltr'>de</span> <span class='ocrx_word' id='word_1_132' title='bbox 460 1715 747 1777; x_wconf 85' lang='lat' dir='ltr'>Dulgibinis‚</span> <span class='ocrx_word' id='word_1_133' title='bbox 784 1716 1130 1763; x_wconf 71' lang='lat' dir='ltr'>Cheruscorum</span> <span class='ocrx_word' id='word_1_134' title='bbox 1150 1716 1413 1766; x_wconf 78' lang='lat' dir='ltr'>clientibus.</span> 
     </span>
     <span class='ocr_line' id='line_1_22' title="bbox 105 1779 1414 1844; baseline 0.001 -18"><span class='ocrx_word' id='word_1_135' title='bbox 105 1779 249 1836; x_wconf 86' lang='lat' dir='ltr'>Nam,</span> <span class='ocrx_word' id='word_1_136' title='bbox 286 1789 403 1827; x_wconf 86' lang='lat' dir='ltr'>teste</span> <span class='ocrx_word' id='word_1_137' title='bbox 431 1779 656 1826; x_wconf 78' lang='lat' dir='ltr'>Strabone</span> <span class='ocrx_word' id='word_1_138' title='bbox 681 1780 800 1827; x_wconf 71' lang='lat' dir='ltr'>VH.</span> <span class='ocrx_word' id='word_1_139' title='bbox 826 1798 933 1844; x_wconf 82' lang='lat' dir='ltr'>pag.</span> <span class='ocrx_word' id='word_1_140' title='bbox 962 1784 1069 1831; x_wconf 67' lang='lat'>291.</span> <span class='ocrx_word' id='word_1_141' title='bbox 1139 1779 1314 1827; x_wconf 80' lang='lat' dir='ltr'>Varum</span> <span class='ocrx_word' id='word_1_142' title='bbox 1339 1799 1414 1829; x_wconf 87' lang='lat' dir='ltr'>ce-</span> 
     </span>
     <span class='ocr_line' id='line_1_23' title="bbox 104 1845 1416 1909; baseline 0.002 -19"><span class='ocrx_word' id='word_1_143' title='bbox 104 1846 260 1893; x_wconf 83' lang='lat' dir='ltr'>cidere</span> <span class='ocrx_word' id='word_1_144' title='bbox 275 1845 502 1891; x_wconf 79' lang='lat' dir='ltr'>Cherusci</span> <span class='ocrx_word' id='word_1_145' title='bbox 522 1847 669 1906; x_wconf 89' lang='lat' dir='ltr'>iisque</span> <span class='ocrx_word' id='word_1_146' title='bbox 687 1847 858 1892; x_wconf 87' lang='lat' dir='ltr'>subditi</span> <span class='ocrx_word' id='word_1_147' title='bbox 874 1846 1052 1909; x_wconf 89' lang='lat' dir='ltr'>populi.</span> <span class='ocrx_word' id='word_1_148' title='bbox 1123 1845 1200 1892; x_wconf 91' lang='lat' dir='ltr'>De</span> <span class='ocrx_word' id='word_1_149' title='bbox 1209 1845 1416 1903; x_wconf 53' lang='lat' dir='ltr'>Variana¹</span> 
     </span>
     <span class='ocr_line' id='line_1_24' title="bbox 104 1910 1409 1972; baseline 0.003 -17"><span class='ocrx_word' id='word_1_150' title='bbox 104 1912 236 1958; x_wconf 89' lang='lat' dir='ltr'>clade</span> <span class='ocrx_word' id='word_1_151' title='bbox 271 1911 452 1956; x_wconf 89' lang='lat' dir='ltr'>dictum</span> <span class='ocrx_word' id='word_1_152' title='bbox 489 1911 596 1956; x_wconf 87' lang='lat' dir='ltr'>satis</span> <span class='ocrx_word' id='word_1_153' title='bbox 626 1912 800 1958; x_wconf 83' lang='lat' dir='ltr'>Annal.</span> <span class='ocrx_word' id='word_1_154' title='bbox 827 1910 865 1956; x_wconf 85' lang='grc' dir='ltr'>Ι.</span> <span class='ocrx_word' id='word_1_155' title='bbox 894 1910 969 1958; x_wconf 84' lang='grc'>60.</span> <span class='ocrx_word' id='word_1_156' title='bbox 1002 1927 1111 1972; x_wconf 86' lang='lat' dir='ltr'>pag.</span> <span class='ocrx_word' id='word_1_157' title='bbox 1130 1913 1207 1956; x_wconf 77' lang='lat'>51.</span> <span class='ocrx_word' id='word_1_158' title='bbox 1244 1920 1340 1958; x_wconf 89' lang='lat' dir='ltr'>not.</span> <span class='ocrx_word' id='word_1_159' title='bbox 1367 1918 1409 1959; x_wconf 73' lang='grc' dir='ltr'>Ω.</span> 
     </span>
     <span class='ocr_line' id='line_1_25' title="bbox 99 1973 1407 2038; baseline 0.003 -18"><span class='ocrx_word' id='word_1_160' title='bbox 99 1973 351 2022; x_wconf 82' lang='lat' dir='ltr'>Bructeros</span> <span class='ocrx_word' id='word_1_161' title='bbox 387 1991 471 2020; x_wconf 83' lang='lat' dir='ltr'>sua</span> <span class='ocrx_word' id='word_1_162' title='bbox 508 1984 710 2030; x_wconf 83' lang='lat' dir='ltr'>urentes,</span> <span class='ocrx_word' id='word_1_163' title='bbox 763 1976 985 2038; x_wconf 63' lang='lat' dir='ltr'>expedita</span> <span class='ocrx_word' id='word_1_164' title='bbox 1024 1991 1134 2021; x_wconf 90' lang='lat' dir='ltr'>cum</span> <span class='ocrx_word' id='word_1_165' title='bbox 1169 1993 1313 2022; x_wconf 86' lang='lat' dir='ltr'>manu</span> <span class='ocrx_word' id='word_1_166' title='bbox 1356 1977 1407 2024; x_wconf 95' lang='lat' dir='ltr'>L.</span> 
     </span>
     <span class='ocr_line' id='line_1_26' title="bbox 98 2038 1413 2102; baseline 0.002 -17"><span class='ocrx_word' id='word_1_167' title='bbox 98 2038 357 2093; x_wconf 80' lang='lat' dir='ltr'>Stertinius,</span> <span class='ocrx_word' id='word_1_168' title='bbox 394 2039 537 2085; x_wconf 85' lang='lat' dir='ltr'>missu</span> <span class='ocrx_word' id='word_1_169' title='bbox 555 2039 826 2086; x_wconf 82' lang='lat' dir='ltr'>Germanici</span> <span class='ocrx_word' id='word_1_170' title='bbox 842 2042 977 2094; x_wconf 85' lang='lat' dir='ltr'>fudit,</span> <span class='ocrx_word' id='word_1_171' title='bbox 998 2041 1212 2102; x_wconf 86' lang='lat' dir='ltr'>interque</span> <span class='ocrx_word' id='word_1_172' title='bbox 1229 2043 1413 2098; x_wconf 67' lang='lat' dir='ltr'>caedem</span> 
     </span>
     <span class='ocr_line' id='line_1_27' title="bbox 98 2106 1411 2168; baseline 0.002 -17"><span class='ocrx_word' id='word_1_173' title='bbox 98 2114 144 2151; x_wconf 88' lang='lat' dir='ltr'>et</span> <span class='ocrx_word' id='word_1_174' title='bbox 167 2106 379 2167; x_wconf 74' lang='lat' dir='ltr'>praedam</span> <span class='ocrx_word' id='word_1_175' title='bbox 404 2106 574 2164; x_wconf 78' lang='lat' dir='ltr'>reperit</span> <span class='ocrx_word' id='word_1_176' title='bbox 598 2107 959 2152; x_wconf 77' lang='lat' dir='ltr'>undevicesimae</span> <span class='ocrx_word' id='word_1_177' title='bbox 983 2106 1180 2166; x_wconf 85' lang='lat' dir='ltr'>legionis</span> <span class='ocrx_word' id='word_1_178' title='bbox 1205 2107 1411 2168; x_wconf 82' lang='lat' dir='ltr'>aquilam</span> 
     </span>
     <span class='ocr_line' id='line_1_28' title="bbox 98 2169 1412 2231; baseline 0.003 -16"><span class='ocrx_word' id='word_1_179' title='bbox 98 2185 209 2216; x_wconf 88' lang='lat' dir='ltr'>cum</span> <span class='ocrx_word' id='word_1_180' title='bbox 244 2169 371 2215; x_wconf 72' lang='lat' dir='ltr'>Varo</span> <span class='ocrx_word' id='word_1_181' title='bbox 408 2169 638 2215; x_wconf 84' lang='lat' dir='ltr'>amissam.</span> <span class='ocrx_word' id='word_1_182' title='bbox 723 2169 937 2216; x_wconf 89' lang='lat' dir='ltr'>Ductum</span> <span class='ocrx_word' id='word_1_183' title='bbox 981 2170 1090 2216; x_wconf 88' lang='lat' dir='ltr'>inde</span> <span class='ocrx_word' id='word_1_184' title='bbox 1135 2187 1305 2231; x_wconf 67' lang='lat' dir='ltr'>agmen</span> <span class='ocrx_word' id='word_1_185' title='bbox 1351 2175 1412 2230; x_wconf 84' lang='lat' dir='ltr'>ad</span> 
     </span>
     <span class='ocr_line' id='line_1_29' title="bbox 96 2233 1408 2296; baseline 0.004 -16"><span class='ocrx_word' id='word_1_186' title='bbox 96 2235 284 2281; x_wconf 89' lang='lat' dir='ltr'>ultimos</span> <span class='ocrx_word' id='word_1_187' title='bbox 321 2233 675 2280; x_wconf 84' lang='lat' dir='ltr'>Bructerorum:</span> <span class='ocrx_word' id='word_1_188' title='bbox 730 2244 1055 2296; x_wconf 87' lang='lat' dir='ltr'>quantumque</span> <span class='ocrx_word' id='word_1_189' title='bbox 1093 2235 1322 2282; x_wconf 84' lang='lat' dir='ltr'>Amisiam</span> <span class='ocrx_word' id='word_1_190' title='bbox 1361 2249 1408 2294; x_wconf 82' lang='lat' dir='ltr'>et</span> 
     </span>
     <span class='ocr_line' id='line_1_30' title="bbox 96 2298 1408 2363; baseline 0.003 -18"><span class='ocrx_word' id='word_1_191' title='bbox 96 2298 334 2362; x_wconf 84' lang='lat' dir='ltr'>Luppiam</span> <span class='ocrx_word' id='word_1_192' title='bbox 373 2313 532 2344; x_wconf 86' lang='lat' dir='ltr'>amnes</span> <span class='ocrx_word' id='word_1_193' title='bbox 572 2299 707 2353; x_wconf 84' lang='lat' dir='ltr'>inter,</span> <span class='ocrx_word' id='word_1_194' title='bbox 763 2309 1019 2355; x_wconf 77' lang='lat' dir='ltr'>vastatum3</span> <span class='ocrx_word' id='word_1_195' title='bbox 1073 2300 1200 2346; x_wconf 86' lang='lat' dir='ltr'>haud</span> <span class='ocrx_word' id='word_1_196' title='bbox 1240 2305 1408 2363; x_wconf 80' lang='lat' dir='ltr'>procul</span> 
     </span>
     <span class='ocr_line' id='line_1_31' title="bbox 94 2363 1405 2425; baseline 0.003 -15"><span class='ocrx_word' id='word_1_197' title='bbox 94 2363 490 2425; x_wconf 86' lang='lat' dir='ltr'>Teutoburgiensi</span> <span class='ocrx_word' id='word_1_198' title='bbox 552 2364 686 2418; x_wconf 88' lang='lat' dir='ltr'>saltu,</span> <span class='ocrx_word' id='word_1_199' title='bbox 755 2364 804 2408; x_wconf 91' lang='lat' dir='ltr'>in</span> <span class='ocrx_word' id='word_1_200' title='bbox 864 2379 959 2425; x_wconf 92' lang='lat' dir='ltr'>quo</span> <span class='ocrx_word' id='word_1_201' title='bbox 1019 2365 1230 2425; x_wconf 81' lang='lat' dir='ltr'>reliquiae</span> <span class='ocrx_word' id='word_1_202' title='bbox 1291 2365 1405 2414; x_wconf 68' lang='lat' dir='ltr'>Vari</span> 
     </span>
     <span class='ocr_line' id='line_1_32' title="bbox 91 2427 1402 2494; baseline 0.002 -19"><span class='ocrx_word' id='word_1_203' title='bbox 91 2430 427 2491; x_wconf 82' lang='lat' dir='ltr'>legionumque</span> <span class='ocrx_word' id='word_1_204' title='bbox 463 2428 708 2489; x_wconf 86' lang='lat' dir='ltr'>insepultae</span> <span class='ocrx_word' id='word_1_205' title='bbox 748 2427 1039 2475; x_wconf 88' lang='lat' dir='ltr'>dicebantur.</span> <span class='ocrx_word' id='word_1_206' title='bbox 1085 2430 1402 2494; x_wconf 80' lang='lat' dir='ltr'>Ann.1.pag.</span> 
     </span>
     <span class='ocr_line' id='line_1_33' title="bbox 92 2491 1404 2553; baseline 0.004 -14"><span class='ocrx_word' id='word_1_207' title='bbox 92 2498 169 2540; x_wconf 88' lang='lat'>51.</span> <span class='ocrx_word' id='word_1_208' title='bbox 206 2493 297 2538; x_wconf 83' lang='lat' dir='ltr'>Ed.</span> <span class='ocrx_word' id='word_1_209' title='bbox 366 2491 786 2553; x_wconf 85' lang='lat' dir='ltr'>Teutoburgiensis</span> <span class='ocrx_word' id='word_1_210' title='bbox 826 2495 984 2548; x_wconf 86' lang='lat' dir='ltr'>saltus,</span> <span class='ocrx_word' id='word_1_211' title='bbox 1035 2492 1243 2543; x_wconf 70' lang='lat' dir='ltr'>Variana</span> <span class='ocrx_word' id='word_1_212' title='bbox 1272 2497 1404 2544; x_wconf 83' lang='lat' dir='ltr'>clade</span> 
     </span>
     <span class='ocr_line' id='line_1_34' title="bbox 91 2556 1400 2624; baseline 0.002 -19"><span class='ocrx_word' id='word_1_213' title='bbox 91 2559 276 2615; x_wconf 68' lang='lat' dir='ltr'>nobilis,</span> <span class='ocrx_word' id='word_1_214' title='bbox 326 2558 376 2603; x_wconf 89' lang='lat' dir='ltr'>in</span> <span class='ocrx_word' id='word_1_215' title='bbox 411 2556 781 2604; x_wconf 73' lang='lat' dir='ltr'>paderbornensi</span> <span class='ocrx_word' id='word_1_216' title='bbox 805 2558 997 2605; x_wconf 87' lang='lat' dir='ltr'>dioecesi</span> <span class='ocrx_word' id='word_1_217' title='bbox 1020 2576 1170 2624; x_wconf 87' lang='lat' dir='ltr'>prope</span> <span class='ocrx_word' id='word_1_218' title='bbox 1195 2559 1400 2624; x_wconf 62' lang='lat' dir='ltr'>Luppiae</span> 
     </span>
    </p>
   </div>
  </div>
 </body>
</html>
