1668 3053
559 175 840 212 AGRICOLA.
1292 157 1352 207 65

49 287 83 310 ’ς
105 296 194 328 nec
212 278 462 340 inglorium
479 276 633 331 fuerit,
668 277 831 338 inipso
847 285 1071 321 terrarum
1089 290 1144 321 ac
1169 281 1350 319 naturae

56 370 95 401 ‘S
112 361 209 408 fine
233 358 508 406 cecidisse.”

118 519 365 568 XXXIV.
404 527 436 547 “
459 518 505 564 Si
536 534 670 564 novae
695 526 856 578 gentes
885 526 1025 580 atque
1047 516 1209 578 ignota
1234 515 1359 562 acies

58 614 90 634 “
116 605 395 652 constitisset
406 625 419 659 3
469 603 663 648 aliorum
695 603 989 648 exercituum
1025 600 1250 661 exemplis
1282 616 1360 646 vos

59 699 92 735 (ξ
118 692 346 739 hortarer:
388 705 514 735 nunc
534 697 682 735 vestra
711 688 1164 741 decorarecensete,
1191 694 1364 730 vestros

56 779 89 799 “
114 771 274 817 oculos
317 771 613 830 interrogate.
710 766 750 811 Ii
790 775 913 821 sunt,
959 782 1097 827 quos
1147 765 1364 825 proximo

57 859 90 880 ‘⁶
114 868 254 905 anno,
291 867 431 896 unam
454 847 743 911 legionem&
766 845 887 892 furto
925 846 1075 891 noctis
1105 845 1362 905 adgressos,

59 939 93 985 ‘.‘
119 931 320 977 clamore
351 930 636 976 debellastis:
682 927 713 971 ii
743 936 1003 972 ceterorum
1036 925 1366 971 Britannorum

61 1019 94 1039 ‘⁶
118 1011 426 1072 fugacissimi:
465 1010 665 1070 ideoque
684 1007 862 1052 tamdiu
881 1007 1162 1067 superstites.
1235 1004 1367 1053 Quo-

62 1100 94 1121 “
118 1093 259 1139 modo
276 1093 408 1138 silvas
424 1092 658 1152 saltusque
675 1089 1044 1150 penetrantibus,
1071 1087 1369 1132 fortissimum

64 1180 97 1200 “
124 1173 344 1235 quodque
368 1171 537 1218 animal
563 1175 725 1216 contra
750 1184 896 1223 ruere,
933 1168 1101 1229 pavida
1129 1177 1174 1212 et
1206 1168 1373 1214 inertia.

66 1254 227 1316 “ipso
276 1253 475 1315 agminis
516 1252 685 1298 sono‘33⁵
735 1251 994 1313 pelluntur3
1052 1249 1117 1294 sic
1159 1250 1371 1295 acerrimi

66 1344 99 1364 “
125 1335 457 1382 Britannorum
488 1335 591 1396 jam
619 1335 802 1395 pridem
839 1332 1131 1379 ceciderunt:
1171 1332 1376 1393 reliquus

68 1429 100 1449 “
125 1430 195 1468 est
232 1436 451 1466 numerus
483 1420 756 1480 ignavorum
786 1428 831 1465 et
867 1416 1199 1463 metuentium:
1259 1430 1376 1476 quos

67 1509 101 1529 “
125 1502 250 1563 quod
306 1500 497 1546 tandem
557 1500 814 1553 invenistis,
883 1515 981 1544 non
1036 1494 1377 1550 restiterunt‚2⁵⁶

70 1593 104 1613 “
130 1585 210 1631 sed
232 1585 507 1646 deprehensi
540 1593 646 1630 sunt
679 1584 938 1630 novissimi:
983 1599 1052 1628 res
1092 1590 1138 1627 et
1167 1590 1380 1627 extremo

73 1673 105 1693 ‘⁶
130 1667 314 1718 metu²³⁷
363 1681 559 1727 corpora
595 1664 801 1710 defixere
842 1666 893 1710 in
938 1664 1013 1709 -his
1057 1662 1278 1723 vestigiis,
1330 1662 1382 1707 in

71 1755 105 1775 “
131 1749 300 1810 quibus
359 1748 606 1808 pulchram
672 1756 719 1792 et
775 1745 1079 1808 spectabilem
1136 1744 1382 1790 victoriam

73 1836 106 1856 “
131 1828 342 1874 ederetis.
411 1826 678 1888 Transigite
721 1842 830 1872 cum
863 1825 1258 1887 expeditionibus,
1295 1824 1382 1869 im-

74 1918 107 1938 “
132 1910 294 1972 ponite
340 1908 687 1970 quinquaginta
737 1909 925 1954 annis²⁵⁸
968 1922 1192 1967 magnum
1239 1905 1393 1959 diem;

75 1998 108 2018 “
134 1990 391 2051 adprobate
432 1989 707 2049 reipublicae
747 2003 1008 2049 numquam
1041 1986 1267 2032 exercitui
1296 1984 1383 2029 im-

77 2077 110 2097 “
135 2069 289 2131 putari
333 2069 557 2129 potuisse,
614 2076 694 2113 aut
739 2083 892 2114 moras
936 2067 1063 2121 belli,
1112 2075 1192 2112 aut
1224 2081 1386 2111 causas

62 2157 112 2187 »“
137 2149 501 2205 rebellandis'ffl

142 2311 361 2359 XXXV.
398 2311 459 2358 Et
474 2312 755 2374 adloquente
773 2311 927 2359 adhuc
946 2310 990 2357 A
996 2312 1172 2374 gricola
1188 2313 1390 2358 militum

81 2394 215 2441 ardor
235 2394 487 2447 eminebat,
523 2402 570 2439 et
590 2393 734 2446 finem
760 2394 980 2439 orationis
996 2394 1162 2454 ingens
1177 2393 1391 2439 alacritas

65 2482 337 2522 *consecuta
378 2483 466 2528 est,
529 2474 784 2534 statimque
831 2473 891 2518 ad
944 2489 1074 2519 arma
1113 2473 1387 2519 discursum.

82 2556 337 2603 Instinctos
367 2564 648 2618 ruentesque
673 2555 738 2601 ita
772 2554 1073 2617 disposuit,2⁴0
1106 2562 1157 2600 ut
1181 2553 1390 2616 peditum

717 2646 745 2681 F
