1668 3053
183 168 272 222 196
485 182 649 220 Nom:
675 182 746 220 ET
772 183 1210 222 EMENDATIONES

176 283 427 329 succinum
447 284 618 342 fossile,
645 287 692 333 in
712 285 837 349 agris
853 285 1084 334 Prussicis
1101 286 1275 349 passim
1292 286 1483 333 obvium
1501 305 1510 332 :

178 358 420 411 repertum
464 368 657 414 quoque
708 353 757 397 in
810 350 1015 399 Saxonia
1073 368 1224 415 prope
1279 352 1513 413 oppidum

179 414 529 479 Sclzmideberg,
588 419 787 480 aliisque
837 419 885 464 in
931 419 1048 466 locis
1094 436 1123 464 a
1164 418 1283 463 mari
1325 417 1512 464 dissitis.

176 479 294 526 Sunt
319 490 481 527 tamen
504 483 662 531 adhuc
687 492 735 530 et
757 483 966 545 plurimi,
1017 484 1099 546 qui
1134 483 1383 529 succinum
1416 498 1515 530 esse

177 563 378 593 succum
396 548 618 594 arborum
636 549 884 611 pinearum
909 566 965 596 ac
990 550 1305 612 populearum
1322 549 1513 603 volunt3

179 614 273 673 qua
314 614 373 659 de
414 629 462 659 re
503 614 771 675 ingeniosas
813 632 869 661 ac
907 616 1175 678 probabiles
1213 615 1515 676 conjecturas

178 694 330 740 nuper
358 678 507 725 edidit
534 678 606 725 Cl.
635 679 856 744 Formey.

245 813 300 844 ³⁹4
335 814 676 877 Itzle7·lzccent.]
715 816 948 871 Araneas,
982 815 1220 870 formicaS,
1247 831 1376 876 apes,
1402 814 1514 860 alia-

179 894 273 939 que
299 880 345 925 id
368 897 537 942 genus,
582 882 779 927 succino
817 882 993 937 clausa,
1045 890 1099 927 ut
1136 882 1266 928 recte
1302 880 1514 941 explicat.

177 943 394 1000 Tacitus,
432 963 563 1008 saepe
589 947 807 994 vidimus.
878 949 950 994 At
974 947 1377 994 circumferuntur
1396 961 1513 1007 quo-

177 1027 272 1072 que
323 1011 507 1066 lacerti,
578 1013 765 1075 aliaque
821 1014 1004 1075 majora
1049 1012 1272 1059 animalia
1316 1011 1514 1059 succino

179 1076 431 1138 implicita,
488 1094 585 1124 non
632 1088 816 1125 naturae
862 1080 985 1133 lusu,
1049 1079 1132 1125 sed
1177 1078 1515 1125 circulatorum

177 1142 437 1198 fraudibus,
476 1145 557 1206 qui
581 1145 653 1190 his
677 1145 897 1191 monstris
920 1145 1206 1206 pecuniosos
1244 1153 1292 1191 et
1326 1144 1516 1206 ignaros

177 1207 395 1255 homines
419 1218 616 1272 argento
641 1220 924 1274 emungunt.

245 1339 299 1366 ³⁹³
343 1339 555 1386 Orientis
569 1341 807 1406 secretis]
830 1341 963 1389 Bene
981 1345 1301 1404 accurateque
1312 1342 1515 1397 dictum,

180 1404 293 1466 quia
318 1405 440 1452 inter
463 1416 644 1454 secreta
668 1409 968 1455 habebantur
987 1409 1362 1471 colebanturque
1377 1409 1518 1454 thura

178 1486 235 1517 ac
257 1471 482 1519 balsama.
554 1472 632 1520 De
650 1475 789 1521 thure
806 1475 1003 1522 Arabiae
1020 1476 1125 1522 vide
1142 1474 1365 1529 Plinium,
1385 1472 1513 1521 XII.

185 1538 256 1582 lli.
314 1537 391 1584 De
414 1537 605 1586 Judaeae
633 1541 844 1587 balsamo
860 1541 1068 1588 diximus
1088 1541 1198 1588 satis
1218 1543 1361 1602 supra
1386 1538 1513 1586 Hist.

176 1600 238 1648 V.
267 1601 311 1648 6.
396 1603 688 1661 Balsamum,
747 1607 940 1654 modica
989 1608 1150 1654 arbor:
1211 1615 1264 1653 ut
1314 1606 1517 1669 quisque

180 1685 338 1716 ramus
379 1670 622 1725 intumuit,
682 1672 718 1718 si
762 1674 857 1720 vim
894 1672 1002 1719 ferri
1041 1674 1284 1727 adhibeas,
1341 1679 1519 1734 pavent

178 1751 340 1791 venae3
401 1737 633 1799 fragmine
673 1739 862 1800 lapidis,
921 1748 1004 1786 aut
1046 1740 1169 1787 testa
1214 1738 1514 1802 aperiuntur:

179 1801 350 1848 humor
374 1803 423 1848 in
446 1820 534 1849 usu
559 1804 857 1851 medentium
882 1814 965 1851 est.
1006 1805 1133 1853 Ilist.
1162 1804 1222 1851 V.
1256 1821 1367 1866 pag.
1401 1806 1514 1849 302.

180 1865 373 1914 Humor
401 1869 762 1930 opobalsamum
800 1871 1063 1918 dicebatur.
1137 1870 1215 1918 De
1246 1870 1437 1917 medica
1471 1871 1515 1915 vi

182 1932 381 1979 balsami
406 1935 630 1981 distincte
651 1935 831 1983 Plinius
854 1936 977 1982 XII.
1003 1941 1080 1983 95.
1150 1936 1357 1985 Corticis
1375 1935 1519 1981 etiam

181 1998 241 2044 ad.
263 2000 615 2048 medicamenta
638 2004 844 2063 pretium
858 2024 870 2058 3
907 2004 1160 2065 praecipua
1182 2011 1340 2050 autem
1366 2002 1520 2063 gratia

180 2064 462 2128 lachrymae,
500 2070 710 2114 secunda
729 2069 914 2123 semini,
951 2070 1091 2115 tertia.
1111 2069 1296 2123 cortici,
1320 2067 1522 2118 minima.

179 2129 323 2192 ligno.
364 2130 563 2179 Brotier.
602 2132 726 2181 Vide
750 2144 847 2181 not.
868 2133 911 2180 6.
952 2133 1080 2181 Hist.
1099 2134 1159 2182 V.
1189 2135 1233 2182 6.
1274 2134 1368 2181 Ed.

244 2264 299 2292 ³⁹⁶
335 2266 395 2312 In
436 2267 636 2315 adversa
683 2268 868 2332 litora]
925 2269 968 2317 E
1023 2270 1245 2332 proximo
1289 2268 1520 2317 Suionum

179 2332 296 2377 mari
327 2331 376 2377 in
406 2334 601 2381 adversa
629 2333 899 2383 [Estiorum
927 2335 1066 2385 litora
1096 2337 1141 2384 vi
1178 2344 1521 2399 tempestatum

178 2398 432 2445 succinum
455 2401 825 2463 propellebatur.

243 2531 299 2559 ³⁹⁷
331 2532 581 2597 Olemem.]
609 2534 868 2582 Succinum
889 2534 1054 2583 attritu
1070 2534 1312 2598 odoreque
1328 2534 1520 2583 flammai

177 2597 346 2658 pinum
366 2600 556 2647 redolet.
