1668 3053
212 223 274 264 52
598 231 643 268 C.
668 232 925 271 CORNELII
952 235 1143 271 TACITI

213 331 413 393 probare
446 333 737 395 exemplum,
787 345 869 383 aut
901 338 1102 383 recentis
1139 335 1283 397 legati
1320 334 1533 380 animum

215 413 435 474 opperiri.
519 412 648 460 Tum
701 417 949 478 Agricola,
987 431 1278 478 quamquam
1302 423 1542 461 transacta

216 504 370 550 aestas,
389 495 534 557 sparsi
550 513 634 558 per
649 499 940 559 provinciam
957 499 1214 553 numeri,¹37
1240 506 1537 559 praesumpta

214 577 342 638 apud
369 577 568 623 militem
593 578 713 624 illius
736 580 846 625 anni
871 580 1021 641 quies,
1058 579 1193 625 tarda
1222 587 1270 625 et
1302 578 1539 624 contraria

213 662 702 718 belluminchoaturo,
739 672 785 710 et
807 664 1042 726 plerisque
1068 663 1292 710 custodiri
1318 670 1539 723 suspecta

215 741 427 802 potius¹38
449 741 711 798 videbatur,
748 743 813 789 ire
840 744 1030 789 obviam
1061 743 1320 789 discrimini
1353 742 1537 788 statuit:

217 823 568 885 contractisque
591 824 835 885 legionum
857 825 1093 870 vexillis¹³⁹
1133 833 1179 870 et
1214 824 1404 870 modica
1426 840 1542 870 aux-

215 903 402 950 iliorum
415 921 577 960 manu,
603 906 714 967 quia
729 906 778 951 in
797 921 993 967 aequum
1010 905 1259 967 degredi¹4⁰
1276 904 1541 951 Ordovices

218 1005 315 1035 non
346 989 602 1045 audebant,
640 989 739 1052 ipse
778 999 888 1036 ante
925 1007 1116 1053 agmen,
1153 992 1246 1052 quo
1271 989 1437 1036 ceteris
1459 1005 1547 1051 par

219 1070 404 1116 animus
433 1070 571 1116 simili
593 1071 808 1132 periculo
831 1079 969 1125 esset,
1007 1071 1156 1117 erexit
1180 1071 1358 1117 aciem:
1397 1071 1546 1117 caesa-

221 1167 313 1213 que
331 1153 480 1212 prope
504 1152 721 1198 universa
745 1160 905 1213 gente,
941 1168 1040 1198 non
1057 1152 1247 1213 ignarus
1272 1151 1546 1197 instandum

220 1233 378 1286 famae,
415 1248 489 1286 ae,
525 1240 665 1294 prout
691 1232 847 1294 prima
875 1233 1138 1286 cessissent,
1173 1233 1271 1278 fore
1301 1232 1519 1278 universa
1530 1253 1545 1287 ;

220 1311 429 1359 BIonam
471 1313 691 1367 insulam,
750 1314 885 1374 cujus
928 1313 1222 1375 possessione
1271 1321 1547 1360 revocatum

220 1392 490 1440 Paullinum
521 1394 776 1440 rebellione
807 1394 952 1441 totius
979 1393 1242 1441 Britanniae
1277 1397 1421 1455 supra
1448 1410 1548 1441 me-

222 1475 473 1531 moravi,14¹
509 1475 721 1538 redigere
760 1476 810 1521 in
839 1484 1124 1537 potestatem
1148 1476 1306 1522 animo
1329 1475 1547 1522 intendit.

222 1555 331 1611 Sed,
363 1565 418 1603 ut
434 1557 483 1602 in
499 1556 655 1604 dubiis
672 1557 951 1612 consiliis,¹¹*2
975 1573 1116 1604 naves
1135 1557 1351 1604 deerant:
1371 1558 1490 1605 ratio
1504 1566 1554 1605 et

225 1638 495 1685 constantia
529 1638 664 1687 ducis
707 1639 979 1685 transvexit.
1051 1639 1296 1702 Depositis
1331 1640 1552 1687 omnibus

223 1719 439 1774 sarcinis,
458 1718 737 1767 lectissimos
752 1720 1069 1775 auxiliarium,
1095 1720 1268 1783 quibus
1285 1727 1400 1767 nota
1415 1719 1552 1776 vada,

225 1808 274 1847 et
291 1800 471 1862 patrius
489 1799 634 1846 nandi
650 1817 777 1856 usus,
814 1816 910 1862 quo
927 1800 1065 1847 simul
1082 1816 1243 1863 seque,
1273 1808 1320 1846 et
1339 1817 1485 1856 arma,
1506 1810 1555 1848 et

226 1898 374 1945 equos
397 1883 644 1944 regunt,¹4³
680 1884 746 1929 ita
776 1882 972 1945 repente
995 1882 1205 1938 immisit,
1242 1891 1295 1929 ut
1331 1884 1553 1946 obstupe-

225 1964 339 2011 facti
363 1964 539 2018 hostes,
577 1962 658 2025 qui
700 1963 974 2018 classemssv*
1009 1964 1091 2025 qui
1123 1980 1281 2019 naves,
1317 1965 1401 2027 qui
1427 1981 1559 2013 mare

225 2045 592 2107 exspectabant,
651 2043 769 2090 nihil
819 2044 1019 2090 arduum
1060 2052 1142 2090 aut
1180 2045 1411 2092 invictum
1456 2060 1557 2092 cre-

228 2127 437 2178 diderint
477 2125 544 2171 sic
584 2124 644 2170 ad
682 2124 861 2170 bellum
901 2125 1214 2171 venientibus.
1298 2125 1373 2173 Ita
1410 2126 1560 2189 petita

227 2223 365 2270 pace,
403 2222 459 2253 ac
484 2206 643 2253 dedita
668 2206 838 2260 insula,
889 2206 1042 2253 clarus
1077 2222 1134 2252 ac
1164 2223 1366 2270 magnus
1394 2208 1559 2255 haberi

223 2288 484 2351 Agricola:
554 2288 736 2349 quippe
783 2287 860 2334 cui
908 2287 1194 2349 ingredienti
1245 2289 1557 2350 provinciam,

225 2370 356 2433 quod
372 2379 560 2430 tempus
576 2368 653 2414 alii
671 2384 756 2429 per
771 2369 1154 2424 ostentationem,
1194 2380 1275 2415 aut
1291 2370 1559 2417 officiorum

225 2450 521 2512 ambitum&
558 2449 843 2511 transigunt,
875 2449 1030 2496 ‘labor
1074 2458 1121 2496 et
1157 2450 1425 2511 periculum
1461 2451 1560 2512 pla-

165 2534 169 2536 ’
226 2532 420 2591 cuisset.
471 2528 579 2576 Nec
595 2529 842 2590 Agricola,
868 2531 1182 2593 prosperitate
1199 2532 1562 2586 reruminvani-

229 2622 376 2662 tatem
416 2628 548 2667 usus,
576 2611 939 2679 expeditionem
971 2621 1053 2659 aut
1075 2612 1322 2661 victoriam
1345 2613 1573 2676 vocabat,
