1668 3053
218 197 304 244 116
500 207 660 243 NOTAE
696 206 766 242 ET
801 205 1227 242 EMENDATmNEs

211 309 260 355 id
282 309 490 372 negavit:
528 308 658 355 scitis
676 308 811 362 enim,
848 307 1016 367 inquit,
1051 323 1139 352 non
1167 321 1260 352 esse
1288 306 1413 367 apud
1439 323 1516 354 nos

211 373 595 427 consuetudinem,
632 380 685 418 ut
703 372 969 434 regisfilius
990 387 1093 418 cum
1108 379 1249 431 patre
1259 372 1515 430 prandeat,

210 440 303 486 nisi
330 437 467 500 prius
503 454 532 483 a
569 453 677 499 rege
708 438 862 500 gentis
892 444 1061 482 exterae
1105 451 1239 482 arma
1274 439 1516 496 suscipiat.

209 502 548 557 XVarnefridus,
587 503 643 548 de
669 501 826 549 Gestis
849 501 1286 564 Langobardorum,
1322 501 1362 547 I.
1387 506 1466 548 23.

275 636 324 659 ¹¹¹
367 634 415 681 T
411 633 539 696 oga]
577 632 647 680 Ut
665 640 792 694 toga,
817 633 874 678 de
891 632 984 694 qu&
1001 631 1182 678 dictum
1199 631 1375 677 Annal.
1392 629 1516 678 XII.

208 701 285 746 41.
352 697 428 745 Ti.
454 697 654 745 Claudio
678 697 915 760 quintium-
950 695 1044 742 Ser.
1079 694 1518 758 CorneIioOrphito

209 765 494 818 consulibus,
540 763 681 810 virilis
714 770 828 824 toga
874 761 1054 808 Neroni
1106 769 1356 816 maturata,
1425 765 1520 824 qub

208 828 509 890 capessendae
526 827 799 890 reipublicae
812 827 979 873 habilis
988 825 1235 873 videretur.
1256 826 1385 872 Ann.
1403 825 1516 873 XII.

206 911 315 955 pag.
343 894 418 946 67.
457 893 549 938 Ed.
619 891 848 939 Romanaev
881 892 1095 953 juventae
1132 892 1312 952 primus
1350 891 1516 946 honos,

205 959 273 1004 sic
292 968 478 1005 scutum
493 958 761 1019 frameaque
777 957 929 1018 prima
944 954 1246 1002 Germanicae
1255 957 1521 1017 juventutis

206 1023 392 1070 decora.
463 1022 590 1071 Quae
627 1022 826 1069 assecuti
862 1021 1077 1067 videntur
1115 1020 1397 1068 duodecimo
1437 1028 1521 1069 aut·

206 1087 561 1149 quintodecimo
598 1086 749 1136 aetatis
788 1102 927 1132 anno.
997 1085 1192 1132 Interim
1230 1086 1368 1133 nullis
1403 1087 1517 1134 edu-

206 1154 404 1200 cationis
426 1152 605 1199 deliciis
624 1152 776 1205 fracti,
811 1159 864 1196 ut
899 1149 1160 1197 videbimus
1175 1150 1295 1196 infra
1313 1167 1418 1213 cap.
1437 1156 1517 1198 20.

206 1219 265 1264 ad
304 1218 523 1264 bellicam
565 1218 786 1263 virtutem
822 1215 1170 1271 adolescebant,
1221 1231 1364 1278 seque
1402 1216 1516 1264 civi-

203 1283 379 1329 tatibus
417 1282 759 1344 approbabant.
828 1280 947 1327 Inde
972 1279 1153 1327 Seneca
1174 1280 1263 1343 Ep.
1283 1280 1514 1329 XXXVI.

204 1347 261 1393 Sz·
283 1349 330 1393 in
358 1345 613 1394 Germanici
631 1353 769 1392 natus
785 1352 920 1400 esset,
939 1347 1160 1404 protinus
1171 1358 1291 1407 puer
1309 1354 1516 1394 tenerum

204 1413 372 1458 hastile
416 1413 629 1458 libraret.
717 1411 853 1457 Idem
899 1410 1093 1466 Seneca,
1129 1415 1188 1460 de
1223 1411 1317 1466 Ira,
1369 1411 1512 1459 I.11.

209 1477 458 1524 Germanis
493 1477 606 1538 quid
647 1483 714 1522 est
749 1476 1029 1522 animosius?
1064 1476 1178 1536 quid
1199 1476 1262 1522 ad
1284 1478 1517 1523 incursum

201 1543 394 1590 acrius?
450 1542 563 1604 quid
600 1556 836 1588 armorum
873 1540 1120 1600 cupidius?
1168 1542 1330 1603 quibus
1363 1542 1517 1589 innas-

201 1615 373 1654 cuntur
409 1608 849 1667 innutriunturque.·
888 1622 1081 1667 quorum
1111 1608 1247 1653 unica
1278 1607 1373 1654 illis
1399 1623 1516 1655 cura

201 1680 286 1728 est,
336 1674 383 1719 in
420 1672 517 1718 alia
553 1671 906 1735 negligentibus.
980 1671 1105 1718 Quid
1148 1673 1419 1719 induratiusr
1454 1674 1519 1719 'ad

200 1754 376 1785 omnem
387 1738 670 1797 patientiam
684 1737 710 1782 ἓ
745 1743 798 1781 ut
816 1736 977 1796 quibus
999 1735 1169 1799 magnd
1191 1754 1246 1784 es:
1262 1744 1407 1796 parte
1428 1754 1520 1784 non

202 1810 470 1865 tegumenta
506 1814 744 1861 corporum
778 1802 967 1860 prov-isa
1002 1809 1110 1847 sunt
1120 1825 1139 1856 ;
1188 1819 1274 1850 non
1308 1803 1517 1865 suffugia

201 1865 422 1915 adversus
430 1874 710 1930 perpetuum
735 1865 833 1913 cccli
856 1866 1072 1929 rigorem.
1116 1866 1260 1915 Plura
1275 1868 1382 1915 vide
1395 1868 1514 1915 infra

200 1948 305 1996 cap.
327 1934 404 1979 24.

267 2066 318 2091 ¹²²
353 2061 534 2112 Domus
551 2062 708 2125 pam]
747 2062 798 2109 A
821 2062 961 2110 servis
997 2077 1093 2110 non
1123 2062 1326 2110 discreti.
1395 2060 1527 2110 Vide

199 2129 318 2176 infra
341 2145 445 2190 cap.
473 2132 544 2179 19.

267 2260 318 2285 ¹¹⁵
353 2257 595 2317 Principis
648 2256 1001 2320 dignaiionem]
1071 2256 1306 2320 Principis
1365 2258 1517 2320 digni-

198 2332 361 2371 tatem.
432 2322 508 2370 Sic
546 2323 673 2385 apud
706 2322 910 2376 Livium,
947 2320 1008 2367 II.
1034 2321 1105 2370 16.
1176 2323 1357 2383 Appius
1396 2323 1521 2369 inter

196 2390 374 2436 Patres
398 2389 555 2443 lectus,
594 2389 721 2434 leaua'
745 2389 815 2434 ita
852 2384 997 2432 multa
1022 2385 1130 2446 past
1171 2389 1219 2433 in
1250 2388 1520 2448 princifium

196 2455 512 2516 dignationem
557 2454 783 2512 pervenit.
856 2451 913 2496 Id
962 2460 1049 2506 est,
1107 2452 1229 2498 inter
1277 2453 1521 2514 principes

195 2520 321 2565 cives
368 2517 609 2566 Romanos
653 2519 840 2566 habitus
884 2523 970 2572 est,
1028 2526 1082 2564 ut
1133 2519 1262 2564 recte
1307 2517 1521 2580 explicat

192 2582 415 2632 Pichena.
