1668 3053
277 215 348 255 AD
373 217 472 255 LIB.
499 218 571 255 DE
595 219 832 256 MORIBUS
859 220 1253 258 GERMANORL'M.
1330 219 1416 266 1529

116 330 168 369 ut.
199 323 246 368 in
278 322 454 368 actione
485 319 808 375 thalamorum,
857 338 942 366 non
986 331 1235 381 appareret
1275 325 1422 370 minor

113 387 294 434 ,Martis
313 397 499 448 pompa,
536 382 672 445 quam
708 384 910 432 Veneris.
943 386 1034 431 Ed.

181 515 233 540 ¹³⁵
266 513 512 576 fllunera]
551 514 661 559 Alia
692 522 798 560 sunt
834 512 1180 561 Canadensium
1210 533 1419 572 munera,

115 589 162 627 et
203 580 386 634 viliora3
443 579 523 624 sed
563 579 734 640 quibus
772 594 940 625 uxores
984 596 1174 642 quoque
1208 581 1421 628 laborum

116 645 469 691 admoneantur.
538 642 591 689 P.
613 643 670 689 de
688 641 984 698 Charlevoix,
1022 645 1131 691 ibid.
1150 661 1258 706 pag.
1278 645 1386 693 286.

181 774 232 799 ¹⁵⁷
274 772 548 835 conjugales
601 771 744 833 cleos]
815 769 944 818 Haec
987 789 1158 819 arcana
1201 791 1331 821 sacra
1374 778 1421 822 in

115 836 318 884 Neronis
357 837 533 899 nuptiis
569 837 768 882 vidimus
803 840 943 897 supra
983 838 1156 884 Annal.
1196 837 1309 885 XV.
1342 844 1419 897 37.

114 902 327 948 Inditum
342 901 630 956 flammeum,
654 901 738 947 visi
762 902 990 961 auspices,
1026 903 1124 956 dos,
1162 912 1207 949 et
1231 906 1425 964 genialis

116 975 260 1021 torus,
296 974 343 1012 et
366 967 490 1013 faces
504 966 750 1027 nuptiales.
788 965 1048 1012 Ann.XV.
1069 984 1178 1029 pag.
1197 972 1302 1014 223.
1331 970 1421 1017 Ecl.

181 1096 233 1122 ¹⁵⁸
266 1095 452 1142 Liberis
490 1095 750 1156 inviolata]
791 1093 921 1142 Bene
962 1096 1178 1158 quidem3
1216 1106 1262 1143 et
1287 1100 1353 1145 sic
1378 1101 1422 1146 in

116 1160 222 1223 lege
257 1158 513 1214 Saxonum,
561 1158 656 1205 Tit.
690 1158 806 1205 VII.
851 1160 905 1206 de
941 1163 1079 1208 Dote.
1139 1163 1349 1220 Ostfalai
1380 1174 1424 1211 et

117 1225 352 1288 Angrarii
373 1225 548 1278 volunt,
583 1226 623 1269 si
637 1224 970 1282 feminafilios
989 1229 1224 1288 genuerit,
1260 1228 1427 1275 habeat

117 1290 282 1343 dotem,
331 1305 468 1350 quam
508 1290 554 1334 in
590 1290 765 1348 nuptiis
800 1291 995 1348 accepit,
1031 1291 1252 1351 quamdiu
1293 1294 1426 1348 vivit,

102 1354 559 1415 filiisquedimittat.

181 1485 234 1511 ¹⁵⁹
268 1482 412 1543 Septa‘
438 1481 713 1543 pullicitici]
751 1481 825 1528 Sic
865 1482 1008 1529 ferme
1044 1481 1205 1531 Livius
1229 1479 1324 1532 111.
1347 1490 1421 1535 44.

119 1548 377 1610 Postquam
408 1550 558 1594 omnia
582 1549 763 1609 pua'ore
789 1556 921 1606 septa
947 1548 1361 1598 animadverterat.

185 1676 238 1703 ¹⁶⁰
273 1678 647 1738 Spectaculorum
700 1677 976 1739 inlecebris]
1028 1676 1220 1733 Seneca,
1279 1680 1426 1742 Epist.

117 1739 237 1788 VII.
307 1743 446 1789 Nihil
462 1741 568 1788 vero
587 1750 653 1789 est
673 1750 769 1788 tam
790 1742 1054 1788 damnosum
1073 1745 1196 1789 bonis
1214 1748 1429 1802 moribus,

121 1804 259 1867 qudm
283 1809 332 1853 in
362 1808 519 1868 aliquo
553 1807 815 1868 spectaculo
853 1807 1073 1853 desidere.
1152 1808 1284 1856 Tune
1315 1813 1430 1857 enim

112 1885 205 1930 per
225 1872 504 1931 voluptatem
515 1870 717 1930 facilius
740 1873 855 1918 vitia
876 1880 1144 1931 surrepunt.
1219 1874 1344 1921 Quid
1365 1893 1434 1924 me

121 1937 360 1983 existimas
414 1937 601 1983 dicere?
670 1938 860 1983 avarior
913 1937 1063 1992 redeo,
1130 1939 1433 1998 ambitiosior,

123 2000 416 2048 luxuriosior.

188 2130 239 2156 ¹⁶¹
274 2131 552 2177 Literarum
588 2130 805 2192 secreta]
843 2129 1026 2178 Literas
1064 2132 1257 2194 quidem
1296 2150 1436 2183 nove-

123 2205 244 2250 rant,
303 2205 356 2241 ut
398 2204 529 2256 patet
573 2212 634 2242 ex
676 2194 966 2242 Marobodui
1013 2206 1058 2243 et
1101 2198 1437 2260 Adgandestrii

124 2260 349 2321 epistolis,
407 2259 580 2306 Annal.
609 2259 676 2305 ΙΙ.
704 2259 763 2305 63
804 2268 851 2306 et
885 2260 960 2306 68.
1031 2263 1100 2308 At
1133 2265 1359 2310 amatoria
1394 2276 1441 2313 et

125 2325 294 2370 furtiva
329 2325 570 2371 litera-rum
607 2333 786 2371 secreta
822 2325 908 2371 viri
942 2328 1117 2387 pariter
1155 2344 1211 2374 ac
1251 2329 1441 2378 feminae

126 2388 422 2450 ignorabant.
505 2388 742 2436 Praeterea
779 2389 1035 2436 rarissimus
1077 2392 1164 2438 fuit
1205 2393 1444 2445 literarum

124 2468 237 2499 usus
282 2452 409 2514 apud
461 2454 624 2510 rudem
667 2454 1034 2517 bellicosamque
1078 2466 1283 2519 gentem.
1374 2459 1445 2506 Ea

127 2517 361 2564 rusticitas
378 2517 460 2562 diu
476 2519 694 2564 obtinuit.
764 2519 899 2574 Inde,
934 2528 987 2565 ut
1009 2521 1255 2568 annalibus
1277 2526 1444 2570 nostris

129 2591 442 2643 compertum,
478 2598 573 2630 non
603 2583 744 2631 modo
778 2584 928 2646 plebS,
965 2587 1045 2632 sed
1069 2595 1115 2634 et
1139 2587 1319 2634 nobiles
1341 2588 1443 2643 viri,

773 2679 804 2713 K
