1668 3053
376 174 447 209 AD
472 173 571 210 Lm.
599 173 670 210 DE
694 172 930 210 Momssns
955 173 1346 211 GERMANORUM.
1421 165 1508 212 165

210 272 300 320 illis
337 276 554 338 superbia
590 280 637 320 et
675 289 799 334 opes.
890 275 1163 336 Antequam
1200 290 1228 320 a
1264 273 1511 321 Germanis

209 339 490 394 delerentur,
557 355 635 385 eos
711 347 881 384 terrore
944 339 1185 384 domuerat
1254 337 1298 381 Χ
1302 340 1510 386 estricius

208 402 456 463 Spurinna,
481 405 584 451 ideo
599 403 867 464 triumphali
883 405 1032 448 statua
1047 404 1258 449 donatus
1316 402 1509 458 Plinius,

213 467 278 512 11.
302 468 388 530 Ep.
410 472 453 520 7.
523 468 756 526 Spurinna
774 468 1054 512 Bructerum
1079 484 1227 528 regem
1244 468 1293 512 vi
1304 476 1350 513 et
1367 470 1511 513 armis

210 533 391 578 induxit
410 534 457 578 in
474 549 660 595 regnum
675 551 689 577 .·
708 539 1024 590 ostentatoque
1039 532 1508 589 bell0,feroci55imam

203 605 384 657 gentem
422 597 571 658 (quod
603 605 672 643 est
700 596 1063 655 pulcherrimum
1102 597 1305 643 victoriae
1335 603 1505 659 genus)

209 667 386 708 terrore
399 663 680 722 perdomuit.

222 788 225 789 ⁷
269 790 324 820 ²⁷4
356 790 613 853 Invidere]
665 790 791 838 Nam
832 790 895 836 dii
939 789 1059 837 ultro
1102 790 1312 839 obtulere
1354 794 1507 854 proelii

207 855 546 914 spectaculum,
596 873 690 918 quo
730 872 868 917 super
911 855 1156 915 sexaginta
1198 857 1343 903 millia
1387 857 1508 918 Ger]-

203 935 464 974 manorum,
500 938 596 967 non
619 921 756 967 arinis
779 921 974 980 telisque
990 918 1227 976 Romanis,
1263 924 1342 969 sed
1380 924 1506 984 quod

204 985 586 1045 magnificentius
603 995 688 1057 est,
726 986 862 1048 quasi
875 987 1189 1045 spectantium
1204 987 1506 1039 oblectationi

204 1049 463 1110 oculisque,
499 1051 590 1096 suis
625 1050 712 1122 ipsi
748 1050 886 1095 almis
918 1049 1206 1096 ceciderunt
1277 1052 1402 1114 Ergo
1425 1068 1504 1099 ex-

203 1126 246 1157 c
236 1112 380 1160 dium
402 1114 514 1160 illud
538 1115 736 1176 contigit
761 1114 884 1160 haud
906 1115 1071 1174 procul
1095 1113 1234 1160 Fossa
1253 1115 1503 1171 Drusiana,

204 1176 262 1221 de
289 1180 382 1238 qua
409 1178 589 1226 dictum
617 1188 685 1225 est
718 1179 891 1224 Annal.
919 1177 983 1223 11.
1011 1181 1052 1222 8.
1121 1177 1325 1242 Jamque
1349 1182 1505 1227 classis

200 1241 286 1286 adv
290 1252 466 1297 enelat,
502 1259 609 1289 cum
626 1261 680 1305 pl
685 1244 868 1289 aemisso
885 1251 1165 1298 commeatu,
1188 1255 1233 1291 et
1249 1246 1505 1292 distributis

199 1306 247 1350 in
264 1306 470 1368 legiones
488 1323 543 1353 ac
560 1310 708 1367 socios
726 1308 936 1362 navibus,
973 1307 1140 1353 fossam
1158 1310 1232 1354 cui
1252 1309 1501 1356 Dmsianae

198 1386 372 1418 nomen
394 1372 636 1434 ingressus.
674 1374 801 1417 Arm.
823 1372 889 1418 ΙΙ.
915 1386 1023 1434 pag.
1042 1372 1116 1424 76.
1156 1374 1246 1419 Ecl.
1317 1375 1500 1420 Exhoc

197 1434 319 1490 loco,
358 1438 695 1499 praesidiisque
731 1438 790 1482 ad
828 1435 1043 1483 Rhenum
1084 1440 1246 1498 positis
1281 1440 1501 1500 proelium

197 1511 388 1573 spectav
390 1517 467 1547 ere
483 1500 696 1548 Romani.
747 1501 927 1563 quue
914 1500 1079 1548 Romae
1095 1513 1331 1559 narratum
1346 1506 1499 1565 primo

197 1562 240 1609 Ι
242 1582 277 1611 1
265 1566 387 1626 ajani
414 1565 641 1640 Principis
659 1583 795 1640 anno.

256 1696 310 1721 ²⁷5
353 1696 674 1760 [rgentzbns]
735 1696 917 1743 Laudat
961 1695 1147 1758 Lipsius
1190 1713 1217 1742 e
1260 1695 1357 1744 M's.
1400 1715 1497 1744 rer-

189 1761 413 1822 gentibus.
483 1760 659 1807 Melicis
699 1762 868 1808 Illustr.
902 1761 1107 1807 Huetius
1144 1778 1171 1808 e
1208 1763 1496 1823 conjectura,

195 1826 466 1886 ingentibus.
537 1826 664 1872 Haec
710 1828 837 1872 enim
881 1828 990 1873 cum
1029 1827 1250 1873 scriberet
1283 1826 1496 1882 Tacitus,

193 1889 380 1950 vigebat
403 1891 655 1952 imperium
680 1890 960 1946 Romanum,
996 1891 1200 1953 Trajano
1228 1891 1462 1953 Principe.

254 2020 308 2045 ²⁷⁶
341 2021 590 2083 Dnlgz'bini
622 2027 667 2066 et
701 2019 973 2081 Chai-uara]
1026 2017 1313 2066 Habitavere
1348 2037 1496 2082 prope

190 2085 367 2131 fontem
406 2084 628 2146 Luppiae,
678 2085 724 2130 la
747 2086 911 2144 Lippe.
981 2083 1168 2132 Deinde
1206 2086 1254 2130 in
1292 2083 1493 2133 Chama-

190 2166 352 2195 vorum
397 2158 443 2195 et
479 2151 882 2211 Angrivariorum,
936 2150 1017 2210 qui
1054 2148 1302 2197 Bructeros
1347 2166 1496 2212 expu-

189 2215 353 2268 lerant,
371 2214 500 2261 sedes
515 2215 749 2260 transiere.
800 2215 950 2260 Iidem
966 2214 1196 2268 videntur,
1217 2215 1297 2277 qui
1313 2213 1496 2262 Velleio

189 2278 452 2332 Paterculo,
490 2278 555 2324 II.
581 2283 681 2325 105.
718 2279 831 2325 dicti
857 2288 965 2325 sunt
997 2281 1230 2334 Attuarii,
1267 2288 1315 2325 et
1334 2290 1498 2342 postea

189 2344 516 2390 Attuariorum
566 2344 756 2389 nomine
810 2344 960 2390 foedus
1009 2343 1290 2398 Francicum
1334 2346 1492 2392 iniere.

187 2406 421 2463 Straboni,
445 2407 562 2454 VII.
589 2426 697 2470 pag.
726 2412 837 2463 291,
887 2409 1110 2456 dicuntur
1139 2409 1427 2456 Chattuarii.

272 2538 325 2562 2⁷⁷
360 2537 566 2597 Aliaeque
617 2536 817 2597 gentes]
889 2536 1078 2599 Nempe
1125 2538 1382 2593 Ansibarii‚
1451 2550 1495 2586 Εἴ
