1668 3053
359 187 432 223 AD
466 185 646 229 VITAM
684 184 775 221 CN.
802 184 912 221 JUL.
940 180 1251 222 AGRICOLAE.
1379 180 1473 224 225

134 290 278 344 skire,
313 289 637 351 parochiaque
656 285 864 341 Dinder,
902 294 1056 333 exstat
1080 289 1238 336 adhuc
1264 296 1474 337 castrum

132 353 407 402 Romanum
442 354 734 416 appellatum
775 352 1098 412 Oysler-Hill,
1164 356 1225 402 ab
1279 353 1471 401 Ostorio

131 419 353 484 Scapula,
419 428 472 466 ut
523 419 725 473 videtur,
796 417 1009 465 locatum
1059 428 1106 465 et
1151 422 1468 468 nominatum.

134 485 260 533 Vide
318 484 568 532 Camden's
631 484 909 538 Britannia,
982 485 1037 545 by
1090 484 1281 542 Gibson,
1354 506 1466 552 pag.

198 696 251 722 ¹⁰³
296 696 635 743 Veteranorum
673 694 898 760 colonia]
948 693 1100 757 Supra
1131 696 1311 744 Annal.
1339 696 1461 745 XII.

128 765 209 808 32.
287 762 482 809 Colonia
520 760 912 817 Camulodunum,
950 761 1111 808 valida
1137 770 1469 812 veteranorum

131 843 294 883 manu,
330 844 460 875 nunc
493 827 773 875 Colchester.

197 978 250 1007 ¹⁰4
283 977 352 1023 Et
392 975 565 1040 reges]
626 974 751 1022 Vide
796 977 939 1037 supra
981 975 1158 1022 Annal.
1192 976 1335 1024 XIV.
1385 979 1461 1026 ⁶26.

127 1040 243 1089 XV.
274 1046 314 1088 1.
341 1050 388 1089 et
421 1041 548 1089 Hist.
576 1041 643 1088 ΙΙ.
673 1045 749 1087 81.
819 1043 889 1087 At
932 1041 1149 1104 plerique
1192 1044 1465 1105 superbiam

125 1106 411 1155 Parthorum
429 1109 602 1170 perosi,
639 1108 805 1154 datum
829 1124 856 1153 a
880 1104 1107 1154 Romanis
1133 1125 1295 1170 regem
1319 1113 1463 1158 male-

127 1175 259 1221 bant.
318 1176 448 1220 Ann.
489 1191 600 1236 pag.
650 1172 754 1224 169.
824 1172 1016 1219 Interea
1055 1190 1138 1220 rex
1179 1174 1465 1224 Parthorum

123 1240 403 1302 Vologeses,
441 1239 649 1302 cognitis
687 1237 974 1285 Corbulonis
1010 1240 1168 1296 rebus,
1204 1256 1465 1305 regemque

123 1306 445 1368 alienigenam
462 1304 707 1368 Tigranen
725 1305 974 1351 Armeniae
995 1305 1289 1367 impositum.
1326 1308 1461 1356 Ann.

123 1388 234 1435 pag.
267 1375 372 1422 199.
443 1371 708 1418 Accessere
727 1387 838 1417 cum
859 1387 1024 1432 regno,
1049 1370 1298 1428 Sohemus‚
1336 1375 1466 1421 haud

122 1438 402 1500 spernendis
440 1437 633 1492 viribus,
693 1437 984 1492 AntiochuS,
1042 1439 1237 1485 vetustis
1288 1441 1463 1501 opibus

123 1503 310 1565 ingens,
352 1511 400 1550 et
429 1503 788 1550 inservientium
819 1519 987 1566 regum
1015 1504 1289 1551 ditissimus.
1330 1505 1458 1554 Hist.

120 1585 233 1632 pag.
260 1571 363 1615 133.
401 1568 494 1614 Ed.

193 1717 246 1743 ¹⁰⁵
280 1717 460 1765 Didius
490 1715 701 1782 Gallus]
733 1716 763 1764 J
768 1733 844 1764 am
867 1717 1087 1764 laudatus
1110 1721 1253 1781 supra
1277 1719 1456 1767 Annal.

122 1781 251 1830 XII.
278 1785 354 1831 40.
414 1783 485 1830 At
522 1782 704 1839 Caesar,
763 1783 959 1846 cognita
996 1792 1149 1830 morte
1184 1785 1347 1847 legati,
1398 1803 1458 1832 ne

118 1849 368 1911 provincia
391 1850 491 1897 sine
515 1859 700 1896 rectore
723 1850 860 1905 foret,
912 1849 976 1895 A.
1009 1849 1212 1896 Didium
1253 1851 1456 1899 suffecit.

120 1913 313 1971 Didius,
350 1923 597 1962 senectute
615 1917 786 1977 gravis,
811 1922 859 1962 et
872 1915 1024 1962 multa
1043 1915 1184 1976 copia
1200 1917 1456 1973 honorum,

117 1996 205 2042 per
257 1982 497 2028 ministros
548 1997 705 2044 agere,
775 1989 823 2027 et
880 1997 1041 2028 arcere
1097 1982 1284 2029 hostem
1345 1985 1457 2031 satis

121 2046 344 2094 habebat.
381 2046 511 2093 Ann.
537 2064 647 2110 pag.
668 2046 745 2100 67.

185 2194 239 2220 ¹⁰⁶
262 2195 561 2262 'Veranius.]
599 2194 763 2245 Quem
795 2195 1040 2244 consulem
1073 2195 1278 2244 vidimus
1310 2200 1455 2260 supra

116 2260 296 2307 Annal.
322 2259 448 2307 XII.
482 2265 528 2307 5.
611 2261 666 2307 C.
693 2260 943 2324 Pompeio,
1002 2261 1066 2311 Q.
1091 2260 1304 2310 Veranio
1341 2280 1455 2310 con-

117 2326 314 2381 sulibus,
350 2335 552 2389 pactum
591 2330 718 2376 inter
754 2327 1013 2375 Claudium
1044 2337 1093 2375 et
1129 2328 1457 2390 Agrippinam

115 2391 493 2439 matrimonium.
531 2393 664 2441 Ann.
691 2411 802 2456 pag.
831 2395 907 2439 44.
947 2393 1039 2439 Ed.
1112 2392 1452 2458 Strategicum,

113 2457 291 2570 labrum
308 2458 564 2517 utiliorem,
589 2463 736 2524 quam
751 2459 1109 2522 elegantiorem,
1133 2460 1200 2507 illi
1215 2460 1456 2525 inscripsit

169 2523 416 2572 nosander.

786 2621 820 2661 Q
