1668 3053
244 226 315 264 AD
350 227 449 264 Lm.
477 227 547 268 DE
583 228 819 269 Momssns
856 229 1250 266 GERMANORUM.
1368 220 1430 269 99

195 328 232 356 ⁵⁹
265 328 477 386 Infinita,
512 334 595 378 aut
633 329 819 392 liberm]
858 328 973 377 Inde
1017 330 1263 382 ambiorix,
1300 327 1430 374 Ebu-

132 405 314 448 ronum,
350 394 501 456 gentis
532 391 850 450 Germanicae,
885 410 982 449 rex,
1019 393 1327 456 profitebatur
1349 408 1437 439 sua

132 472 227 504 esse
247 457 471 516 ejusmodi
500 459 712 518 imperia,
750 468 801 504 ut
836 476 924 506 non
952 461 1099 504 minus
1124 458 1311 503 haberet
1332 459 1444 504 inse

120 523 250 578 juris
277 521 540 577 multitudo,
577 520 712 583 qudm
746 525 911 583 ipsein
946 522 1304 576 multitudinem,
1338 521 1438 568 Jul.

130 584 311 643 Caesar,
365 586 486 635 Bell.
534 585 662 635 Gall.
715 586 779 634 V.
833 591 910 641 27.
974 587 1043 639 si
1089 585 1438 635 Germanorum

129 647 573 716 Canadensiumque
600 653 870 714 principum
899 661 1179 714 potestatem
1208 651 1434 708 conferas,

129 716 343 765 eamdem
360 719 552 765 omnino
567 719 782 778 reperies.
850 715 973 764 Vide
988 717 1040 764 P.
1056 718 1115 763 de
1132 716 1432 772 Charlevoix‚

128 779 220 828 loe.
245 782 327 829 cit.
362 781 528 829 Lettre
544 781 729 830 leu.
754 799 862 844 pag.
878 781 991 834 268.

191 909 228 935 ⁵⁰
262 911 377 958 Nisi
392 911 709 960 sacerdotibus
726 912 1041 974 permissum]
1079 909 1151 965 Ita
1186 920 1239 959 ut
1276 921 1436 960 tamen

126 972 236 1026 vitae
251 977 474 1039 necisque
488 986 694 1038 potestas
707 986 917 1025 maneret
930 994 1076 1038 penes
1089 978 1434 1038 magistratum,

128 1040 187 1086 de
220 1056 316 1102 quo
353 1041 450 1088 Jul.
488 1040 667 1096 Caesar,
724 1041 839 1089 Bell.
878 1041 1002 1088 Gall.
1038 1039 1123 1087 VI.
1164 1045 1240 1088 23.
1316 1041 1436 1091 Czlm

130 1103 294 1151 bellum
330 1107 496 1153 civitas
530 1114 614 1154 aut
651 1106 832 1152 illatum
870 1107 1094 1165 defendit,
1148 1114 1231 1152 aut
1270 1108 1437 1165 infert,

127 1170 546 1232 magistratusqui
574 1173 620 1219 ei
635 1171 749 1219 bello
767 1173 980 1230 praesint,
1015 1179 1069 1218 ut
1094 1173 1200 1217 zssz‘tae
1232 1175 1443 1234 necisque

128 1233 330 1281 habeant
366 1244 659 1295 potestatem,
717 1236 1000 1299 deliguntur.
1095 1235 1245 1283 Poena
1284 1254 1436 1285 sacer·

130 1298 320 1346 dotibus
358 1302 620 1356 commissa,
656 1310 709 1347 ut
745 1302 1084 1362 imperantibus
1121 1302 1275 1349 minus
1319 1303 1438 1348 foret

127 1363 336 1419 invidia-2,
372 1366 678 1427 punientibus
700 1365 805 1427 plus
827 1366 1119 1412 reverentiae.

190 1492 224 1519 ⁶¹
261 1493 451 1557 Effigies
475 1504 521 1541 et
542 1497 678 1558 signa
702 1493 948 1556 quaedam.]
988 1495 1181 1556 Effigies
1215 1497 1434 1555 ferarum,

126 1565 180 1603 ut
192 1558 391 1606 vidimus
410 1564 550 1621 supra
568 1559 693 1606 Hist.
712 1557 780 1604 IV
785 1594 795 1604 .
817 1564 893 1605 22.
963 1558 1094 1605 Hinc
1113 1571 1438 1608 veteranarum

125 1623 393 1671 cohortium
413 1625 564 1686 signa,
612 1626 722 1672 inde
755 1625 1051 1685 depromptae
1076 1625 1198 1672 silvis
1221 1626 1437 1690 lucisque

125 1686 325 1739 ferarum
349 1689 595 1751 imagines,
630 1699 682 1736 ut
705 1690 878 1751 cuique
907 1690 1039 1751 genti
1071 1689 1186 1736 inire
1219 1692 1440 1751 proelium

125 1767 228 1803 mos
258 1762 349 1807 est,
383 1756 536 1803 mixta
551 1755 662 1804 belli
681 1754 830 1804 civilis
844 1754 1122 1815 externique
1140 1755 1261 1801 facie
1279 1757 1439 1804 obstu-

124 1817 396 1878 pefecerant
409 1821 636 1869 obsessos.
685 1817 812 1872 Hist.
830 1817 913 1864 IV.
930 1835 1040 1880 pag.
1063 1822 1171 1864 238.
1191 1820 1282 1866 Ed.
1306 1820 1446 1869 Quas

126 1881 313 1944 insigne
332 1883 573 1944 religionis
595 1892 642 1932 et
665 1884 862 1935 tutelam
884 1884 1139 1938 habebant,
1176 1894 1230 1930 ut
1263 1885 1447 1935 (licetur

127 1945 247 1995 infra
284 1963 392 2009 cap.
421 1949 499 1994 45.
568 1948 712 2011 Signa
762 1964 970 2010 quoque,
1022 1948 1233 1995 hostibus
1290 1960 1446 2011 capta,

128 2025 257 2072 quae,
283 2013 332 2059 in
354 2013 491 2068 lucis,
528 2013 617 2060 diis
641 2013 803 2075 patriis
835 2013 1256 2074 suspendebantur.
1326 2014 1449 2063 Vide

126 2075 307 2125 Annal.
329 2076 367 2125 I.
392 2082 472 2128 59.
537 2077 683 2125 >Cerni
706 2079 861 2130 adhuc
886 2077 1233 2131 Germanorum
1258 2080 1307 2124 in
1329 2080 1448 2128 lucis

124 2140 279 2202 signa·
317 2140 547 2206 Romana,
606 2158 716 2205 quae
774 2141 882 2197 Diis
923 2143 1087 2204 patriis
1137 2145 1447 2204 suspenderit.

128 2206 262 2251 Ann.
281 2205 319 2251 Ι.
344 2223 453 2269 pag.
475 2212 556 2253 50.
593 2208 685 2254 Ed.
755 2205 824 2253 Ut
849 2206 1093 2261 Germani,
1131 2208 1198 2253 sic
1223 2217 1269 2254 et
1293 2208 1448 2256 Cana-

122 2269 294 2324 ⁴denses
316 2273 481 2333 populi
498 2273 611 2320 deos
635 2289 758 2327 suos,
796 2287 914 2334 quos
937 2281 1110 2318 vocant
1129 2273 1375 2319 Asam’tous
1399 2275 1448 2320 in

121 2335 306 2387 ,bellum
322 2337 640 2399 proeliumque
654 2338 823 2384 ferunt.
860 2336 985 2384 Vide
999 2335 1053 2382 P.
1073 2337 1132 2383 de
1148 2336 1188 2393 C
1193 2339 1447 2394 harlevoix,

124 2399 330 2447 Journal
366 2401 647 2462 Historique
684 2402 797 2448 ct‘un
822 2418 1005 2465 ‚voyage
1041 2400 1097 2446 de
1144 2402 1447 2464 l'AmZ’rique,

130 2462 315 2512 Lettres
336 2463 460 2511 XIV
484 2477 532 2513 et
553 2465 667 2513 XV.
700 2483 810 2527 pag.
832 2469 924 2512 223
944 2476 990 2513 et
1008 2464 1122 2511 236.

192 2593 240 2659 ξ”ᾖ
262 2594 323 2645 In
347 2597 559 2656 proximo
593 2594 837 2659 pignora]
889 2593 1056 2642 Talem
1102 2596 1336 2642 exercitus
1376 2613 1447 2644 or-

739 2686 776 2722 H
813 2680 840 2721 2
