<?xml version="1.0" encoding="UTF-8"?>
<!DOCTYPE html PUBLIC "-//W3C//DTD XHTML 1.0 Transitional//EN"
    "http://www.w3.org/TR/xhtml1/DTD/xhtml1-transitional.dtd">
<html xmlns="http://www.w3.org/1999/xhtml" xml:lang="en" lang="en">
 <head>
  <title>
</title>
<meta http-equiv="Content-Type" content="text/html;charset=utf-8" />
  <meta name='ocr-system' content='tesseract 3.04.00' />
  <meta name='ocr-capabilities' content='ocr_page ocr_carea ocr_par ocr_line ocrx_word'/>
</head>
<body>
  <div class='ocr_page' id='page_1' title='image "./demoribusgermano00taciuoft_0052.png"; bbox 0 0 1668 3053; ppageno 0'>
   <div class='ocr_carea' id='block_1_1' title="bbox 168 189 1097 240">
    <p class='ocr_par' dir='ltr' id='par_1_1' title="bbox 168 189 1097 240">
     <span class='ocr_line' id='line_1_1' title="bbox 168 189 1097 240; baseline 0.012 -10"><span class='ocrx_word' id='word_1_1' title='bbox 168 189 230 231; x_wconf 81' lang='grc'>38</span> <span class='ocrx_word' id='word_1_2' title='bbox 556 200 602 235; x_wconf 92' lang='lat' dir='ltr'>C.</span> <span class='ocrx_word' id='word_1_3' title='bbox 626 201 881 239; x_wconf 86' lang='lat' dir='ltr'>CORNELII</span> <span class='ocrx_word' id='word_1_4' title='bbox 909 204 1097 240; x_wconf 85' lang='lat' dir='ltr'>TACITI</span> 
     </span>
    </p>
   </div>
   <div class='ocr_carea' id='block_1_2' title="bbox 169 298 1485 438">
    <p class='ocr_par' dir='ltr' id='par_1_2' title="bbox 169 298 1485 438">
     <span class='ocr_line' id='line_1_2' title="bbox 173 298 1484 366; baseline 0.002 -23"><span class='ocrx_word' id='word_1_5' title='bbox 173 298 480 353; x_wconf 87' lang='lat' dir='ltr'>aestimantur,</span> <span class='ocrx_word' id='word_1_6' title='bbox 517 303 688 363; x_wconf 86' lang='lat' dir='ltr'>quibus</span> <span class='ocrx_word' id='word_1_7' title='bbox 702 304 922 350; x_wconf 82' lang='lat' dir='ltr'>facillime</span> <span class='ocrx_word' id='word_1_8' title='bbox 938 305 1211 366; x_wconf 82' lang='lat' dir='ltr'>gignuntur.</span> <span class='ocrx_word' id='word_1_9' title='bbox 1282 302 1352 347; x_wconf 90' lang='lat' dir='ltr'>At</span> <span class='ocrx_word' id='word_1_10' title='bbox 1365 301 1484 347; x_wconf 79' lang='lat' dir='ltr'>mihi</span> 
     </span>
     <span class='ocr_line' id='line_1_3' title="bbox 169 383 1485 438; baseline 0.004 -15"><span class='ocrx_word' id='word_1_11' title='bbox 169 395 317 433; x_wconf 89' lang='lat' dir='ltr'>nunc,</span> <span class='ocrx_word' id='word_1_12' title='bbox 373 390 614 428; x_wconf 85' lang='lat' dir='ltr'>narraturo</span> <span class='ocrx_word' id='word_1_13' title='bbox 650 383 794 429; x_wconf 82' lang='lat' dir='ltr'>vitam</span> <span class='ocrx_word' id='word_1_14' title='bbox 830 385 1039 431; x_wconf 83' lang='lat' dir='ltr'><strong>defuncti</strong></span> <span class='ocrx_word' id='word_1_15' title='bbox 1077 384 1298 438; x_wconf 89' lang='lat' dir='ltr'>hominis,</span> <span class='ocrx_word' id='word_1_16' title='bbox 1349 384 1485 429; x_wconf 69' lang='lat' dir='ltr'>venia</span> 
     </span>
    </p>
   </div>
   <div class='ocr_carea' id='block_1_3' title="bbox 171 460 1484 608">
    <p class='ocr_par' dir='ltr' id='par_1_3' title="bbox 171 460 1484 608">
     <span class='ocr_line' id='line_1_4' title="bbox 171 460 1484 525; baseline 0.002 -20"><span class='ocrx_word' id='word_1_17' title='bbox 171 475 290 520; x_wconf 90' lang='lat' dir='ltr'>opus</span> <span class='ocrx_word' id='word_1_18' title='bbox 306 460 416 506; x_wconf 87' lang='lat' dir='ltr'>fuit:</span> <span class='ocrx_word' id='word_1_19' title='bbox 456 478 599 523; x_wconf 87' lang='lat' dir='ltr'>quam</span> <span class='ocrx_word' id='word_1_20' title='bbox 622 479 717 509; x_wconf 92' lang='lat' dir='ltr'>non</span> <span class='ocrx_word' id='word_1_21' title='bbox 735 465 973 525; x_wconf 87' lang='lat' dir='ltr'>petissem,</span> <span class='ocrx_word' id='word_1_22' title='bbox 1010 466 1058 509; x_wconf 91' lang='lat' dir='ltr'>ni</span> <span class='ocrx_word' id='word_1_23' title='bbox 1090 471 1358 510; x_wconf 87' lang='lat' dir='ltr'>cursaturus</span> <span class='ocrx_word' id='word_1_24' title='bbox 1387 471 1484 509; x_wconf 84' lang='lat' dir='ltr'>tam</span> 
     </span>
     <span class='ocr_line' id='line_1_5' title="bbox 172 542 1097 608; baseline 0.003 -21"><span class='ocrx_word' id='word_1_25' title='bbox 172 558 297 589; x_wconf 85' lang='lat' dir='ltr'>saeva</span> <span class='ocrx_word' id='word_1_26' title='bbox 315 550 362 588; x_wconf 90' lang='lat' dir='ltr'>et</span> <span class='ocrx_word' id='word_1_27' title='bbox 389 542 557 589; x_wconf 84' lang='lat' dir='ltr'>infesta</span> <span class='ocrx_word' id='word_1_28' title='bbox 577 544 826 592; x_wconf 80' lang='lat' dir='ltr'>virtutibus</span> <span class='ocrx_word' id='word_1_29' title='bbox 848 547 1097 608; x_wconf 58' lang='lat' dir='ltr'>temporafi‘</span> 
     </span>
    </p>
   </div>
   <div class='ocr_carea' id='block_1_4' title="bbox 174 704 1509 2148">
    <p class='ocr_par' dir='ltr' id='par_1_4' title="bbox 174 704 1509 2148">
     <span class='ocr_line' id='line_1_6' title="bbox 240 704 1490 767; baseline 0.003 -17"><span class='ocrx_word' id='word_1_30' title='bbox 240 704 306 750; x_wconf 89' lang='lat' dir='ltr'>II.</span> <span class='ocrx_word' id='word_1_31' title='bbox 345 705 608 767; x_wconf 67' lang='lat' dir='ltr'>Legi1nus,5</span> <span class='ocrx_word' id='word_1_32' title='bbox 660 707 772 754; x_wconf 74' lang='lat' dir='ltr'>cum</span> <span class='ocrx_word' id='word_1_33' title='bbox 822 708 1036 754; x_wconf 83' lang='lat' dir='ltr'>Aruleno</span> <span class='ocrx_word' id='word_1_34' title='bbox 1077 707 1293 756; x_wconf 77' lang='lat' dir='ltr'>Rustico⁶</span> <span class='ocrx_word' id='word_1_35' title='bbox 1328 708 1490 755; x_wconf 67' lang='lat' dir='ltr'>Paetus</span> 
     </span>
     <span class='ocr_line' id='line_1_7' title="bbox 174 785 1490 842; baseline 0.002 -10"><span class='ocrx_word' id='word_1_36' title='bbox 174 785 399 842; x_wconf 78' lang='lat' dir='ltr'>Thrasea,</span> <span class='ocrx_word' id='word_1_37' title='bbox 458 787 704 834; x_wconf 84' lang='lat' dir='ltr'>Herennio</span> <span class='ocrx_word' id='word_1_38' title='bbox 737 787 985 836; x_wconf 80' lang='lat' dir='ltr'>Senecioni</span> <span class='ocrx_word' id='word_1_39' title='bbox 1016 788 1202 836; x_wconf 81' lang='lat' dir='ltr'><strong>Priscus</strong></span> <span class='ocrx_word' id='word_1_40' title='bbox 1241 789 1490 836; x_wconf 87' lang='lat' dir='ltr'>Helvidius</span> 
     </span>
     <span class='ocr_line' id='line_1_8' title="bbox 175 867 1491 932; baseline 0.005 -21"><span class='ocrx_word' id='word_1_41' title='bbox 175 867 352 913; x_wconf 88' lang='lat' dir='ltr'>laudati</span> <span class='ocrx_word' id='word_1_42' title='bbox 398 877 567 924; x_wconf 81' lang='lat' dir='ltr'>essent,</span> <span class='ocrx_word' id='word_1_43' title='bbox 619 869 820 931; x_wconf 84' lang='lat' dir='ltr'>capitale</span> <span class='ocrx_word' id='word_1_44' title='bbox 860 870 1021 918; x_wconf 88' lang='lat' dir='ltr'>fuisse:</span> <span class='ocrx_word' id='word_1_45' title='bbox 1073 886 1227 932; x_wconf 89' lang='lat' dir='ltr'>neque</span> <span class='ocrx_word' id='word_1_46' title='bbox 1271 871 1320 916; x_wconf 89' lang='lat' dir='ltr'>in</span> <span class='ocrx_word' id='word_1_47' title='bbox 1365 871 1491 932; x_wconf 88' lang='lat' dir='ltr'>ipsos</span> 
     </span>
     <span class='ocr_line' id='line_1_9' title="bbox 175 949 1493 1015; baseline 0.005 -22"><span class='ocrx_word' id='word_1_48' title='bbox 175 949 317 995; x_wconf 79' lang='lat' dir='ltr'>modo</span> <span class='ocrx_word' id='word_1_49' title='bbox 366 958 597 1005; x_wconf 82' lang='lat' dir='ltr'>auctores,</span> <span class='ocrx_word' id='word_1_50' title='bbox 671 952 754 998; x_wconf 87' lang='lat' dir='ltr'>sed</span> <span class='ocrx_word' id='word_1_51' title='bbox 806 953 855 998; x_wconf 92' lang='lat' dir='ltr'>in</span> <span class='ocrx_word' id='word_1_52' title='bbox 899 953 1040 998; x_wconf 92' lang='lat' dir='ltr'>libros</span> <span class='ocrx_word' id='word_1_53' title='bbox 1092 969 1282 1015; x_wconf 86' lang='lat' dir='ltr'>quoque</span> <span class='ocrx_word' id='word_1_54' title='bbox 1331 969 1493 999; x_wconf 88' lang='lat' dir='ltr'>eorum</span> 
     </span>
     <span class='ocr_line' id='line_1_10' title="bbox 177 1030 1495 1093; baseline 0.002 -18"><span class='ocrx_word' id='word_1_55' title='bbox 177 1030 411 1086; x_wconf 72' lang='lat' dir='ltr'>saevitum,</span> <span class='ocrx_word' id='word_1_56' title='bbox 447 1031 663 1093; x_wconf 84' lang='lat' dir='ltr'>delegato</span> <span class='ocrx_word' id='word_1_57' title='bbox 686 1032 940 1079; x_wconf 81' lang='lat' dir='ltr'>triumviris</span> <span class='ocrx_word' id='word_1_58' title='bbox 962 1033 1238 1089; x_wconf 88' lang='lat' dir='ltr'>ministerio,</span> <span class='ocrx_word' id='word_1_59' title='bbox 1278 1042 1331 1079; x_wconf 91' lang='lat' dir='ltr'>ut</span> <span class='ocrx_word' id='word_1_60' title='bbox 1344 1033 1495 1079; x_wconf 89' lang='lat' dir='ltr'>moni·-</span> 
     </span>
     <span class='ocr_line' id='line_1_11' title="bbox 175 1112 1494 1176; baseline 0.002 -20"><span class='ocrx_word' id='word_1_61' title='bbox 175 1119 338 1157; x_wconf 83' lang='lat' dir='ltr'>menta</span> <span class='ocrx_word' id='word_1_62' title='bbox 373 1112 734 1159; x_wconf 86' lang='lat' dir='ltr'>clarissimorum</span> <span class='ocrx_word' id='word_1_63' title='bbox 781 1115 1077 1176; x_wconf 84' lang='lat' dir='ltr'>ingeniorum</span> <span class='ocrx_word' id='word_1_64' title='bbox 1116 1114 1166 1160; x_wconf 87' lang='lat' dir='ltr'>in</span> <span class='ocrx_word' id='word_1_65' title='bbox 1204 1114 1400 1161; x_wconf 88' lang='lat' dir='ltr'>comitio</span> <span class='ocrx_word' id='word_1_66' title='bbox 1438 1129 1494 1159; x_wconf 86' lang='lat' dir='ltr'>ac</span> 
     </span>
     <span class='ocr_line' id='line_1_12' title="bbox 178 1192 1495 1257; baseline 0.002 -20"><span class='ocrx_word' id='word_1_67' title='bbox 178 1192 296 1238; x_wconf 81' lang='lat' dir='ltr'>foro⁷</span> <span class='ocrx_word' id='word_1_68' title='bbox 325 1203 581 1240; x_wconf 88' lang='lat' dir='ltr'>urerentur.</span> <span class='ocrx_word' id='word_1_69' title='bbox 652 1193 843 1241; x_wconf 83' lang='lat' dir='ltr'>Scilicet</span> <span class='ocrx_word' id='word_1_70' title='bbox 877 1195 957 1242; x_wconf 88' lang='lat' dir='ltr'>illo</span> <span class='ocrx_word' id='word_1_71' title='bbox 993 1196 1104 1257; x_wconf 85' lang='lat' dir='ltr'>igne</span> <span class='ocrx_word' id='word_1_72' title='bbox 1131 1211 1300 1242; x_wconf 86' lang='lat' dir='ltr'>vocem</span> <span class='ocrx_word' id='word_1_73' title='bbox 1330 1194 1495 1257; x_wconf 89' lang='lat' dir='ltr'>populi</span> 
     </span>
     <span class='ocr_line' id='line_1_13' title="bbox 178 1269 1499 1331; baseline 0.002 -13"><span class='ocrx_word' id='word_1_74' title='bbox 178 1269 399 1329; x_wconf 85' lang='lat' dir='ltr'>Romani,</span> <span class='ocrx_word' id='word_1_75' title='bbox 435 1283 482 1320; x_wconf 87' lang='lat' dir='ltr'>et</span> <span class='ocrx_word' id='word_1_76' title='bbox 497 1275 764 1322; x_wconf 87' lang='lat' dir='ltr'>libertatem</span> <span class='ocrx_word' id='word_1_77' title='bbox 807 1278 1009 1331; x_wconf 69' lang='lat' dir='ltr'>senatus,</span> <span class='ocrx_word' id='word_1_78' title='bbox 1067 1284 1115 1322; x_wconf 93' lang='lat' dir='ltr'>et</span> <span class='ocrx_word' id='word_1_79' title='bbox 1155 1275 1499 1322; x_wconf 82' lang='lat' dir='ltr'>conscientiam</span> 
     </span>
     <span class='ocr_line' id='line_1_14' title="bbox 181 1356 1494 1420; baseline 0.004 -20"><span class='ocrx_word' id='word_1_80' title='bbox 181 1356 364 1415; x_wconf 83' lang='lat' dir='ltr'>generis</span> <span class='ocrx_word' id='word_1_81' title='bbox 408 1357 603 1403; x_wconf 84' lang='lat' dir='ltr'>humani</span> <span class='ocrx_word' id='word_1_82' title='bbox 647 1357 822 1405; x_wconf 82' lang='lat' dir='ltr'>aboleri</span> <span class='ocrx_word' id='word_1_83' title='bbox 867 1358 1229 1412; x_wconf 83' lang='lat' dir='ltr'>arbitrabantur,</span> <span class='ocrx_word' id='word_1_84' title='bbox 1286 1358 1494 1420; x_wconf 81' lang='lat' dir='ltr'>expulsis</span> 
     </span>
     <span class='ocr_line' id='line_1_15' title="bbox 180 1434 1500 1502; baseline 0.004 -22"><span class='ocrx_word' id='word_1_85' title='bbox 180 1434 373 1498; x_wconf 86' lang='lat' dir='ltr'>insuper</span> <span class='ocrx_word' id='word_1_86' title='bbox 387 1438 632 1499; x_wconf 78' lang='lat' dir='ltr'>sapientiae</span> <span class='ocrx_word' id='word_1_87' title='bbox 656 1439 1030 1500; x_wconf 82' lang='lat' dir='ltr'>professoribus,⁸</span> <span class='ocrx_word' id='word_1_88' title='bbox 1065 1447 1207 1502; x_wconf 86' lang='lat' dir='ltr'>atque</span> <span class='ocrx_word' id='word_1_89' title='bbox 1230 1439 1360 1485; x_wconf 91' lang='lat' dir='ltr'>omni</span> <span class='ocrx_word' id='word_1_90' title='bbox 1373 1439 1500 1485; x_wconf 68' lang='lat' dir='ltr'>bona</span> 
     </span>
     <span class='ocr_line' id='line_1_16' title="bbox 181 1516 1501 1581; baseline 0.002 -20"><span class='ocrx_word' id='word_1_91' title='bbox 181 1523 282 1562; x_wconf 87' lang='lat' dir='ltr'>arte</span> <span class='ocrx_word' id='word_1_92' title='bbox 313 1516 362 1561; x_wconf 90' lang='lat' dir='ltr'>in</span> <span class='ocrx_word' id='word_1_93' title='bbox 397 1518 616 1564; x_wconf 81' lang='lat' dir='ltr'>exsilium</span> <span class='ocrx_word' id='word_1_94' title='bbox 646 1518 769 1573; x_wconf 66' lang='lat' dir='ltr'>acta,</span> <span class='ocrx_word' id='word_1_95' title='bbox 805 1534 865 1565; x_wconf 91' lang='lat' dir='ltr'>ne</span> <span class='ocrx_word' id='word_1_96' title='bbox 897 1518 1013 1581; x_wconf 88' lang='lat' dir='ltr'>quid</span> <span class='ocrx_word' id='word_1_97' title='bbox 1034 1533 1234 1580; x_wconf 85' lang='lat' dir='ltr'>usquam</span> <span class='ocrx_word' id='word_1_98' title='bbox 1251 1519 1501 1564; x_wconf 86' lang='lat' dir='ltr'>honestum</span> 
     </span>
     <span class='ocr_line' id='line_1_17' title="bbox 182 1596 1500 1660; baseline 0.001 -16"><span class='ocrx_word' id='word_1_99' title='bbox 182 1605 465 1644; x_wconf 87' lang='lat' dir='ltr'>occurreret.</span> <span class='ocrx_word' id='word_1_100' title='bbox 535 1596 770 1644; x_wconf 88' lang='lat' dir='ltr'>Dedimus</span> <span class='ocrx_word' id='word_1_101' title='bbox 800 1598 1013 1660; x_wconf 77' lang='lat' dir='ltr'>profecto</span> <span class='ocrx_word' id='word_1_102' title='bbox 1048 1598 1226 1660; x_wconf 84' lang='lat' dir='ltr'>grande</span> <span class='ocrx_word' id='word_1_103' title='bbox 1251 1598 1500 1660; x_wconf 88' lang='lat' dir='ltr'>patientiae</span> 
     </span>
     <span class='ocr_line' id='line_1_18' title="bbox 184 1677 1502 1742; baseline 0 -18"><span class='ocrx_word' id='word_1_104' title='bbox 184 1677 546 1726; x_wconf 82' lang='lat' dir='ltr'>documentum:</span> <span class='ocrx_word' id='word_1_105' title='bbox 607 1688 654 1726; x_wconf 91' lang='lat' dir='ltr'>et</span> <span class='ocrx_word' id='word_1_106' title='bbox 692 1680 815 1726; x_wconf 89' lang='lat' dir='ltr'>sicut</span> <span class='ocrx_word' id='word_1_107' title='bbox 863 1687 996 1726; x_wconf 90' lang='lat' dir='ltr'>vetus</span> <span class='ocrx_word' id='word_1_108' title='bbox 1045 1686 1160 1725; x_wconf 84' lang='lat' dir='ltr'>aetas</span> <span class='ocrx_word' id='word_1_109' title='bbox 1201 1678 1336 1735; x_wconf 90' lang='lat' dir='ltr'>vidit,</span> <span class='ocrx_word' id='word_1_110' title='bbox 1387 1678 1502 1742; x_wconf 89' lang='lat' dir='ltr'>quid</span> 
     </span>
     <span class='ocr_line' id='line_1_19' title="bbox 183 1759 1502 1822; baseline -0.001 -15"><span class='ocrx_word' id='word_1_111' title='bbox 183 1760 404 1807; x_wconf 87' lang='lat' dir='ltr'>ultimum</span> <span class='ocrx_word' id='word_1_112' title='bbox 428 1761 477 1807; x_wconf 90' lang='lat' dir='ltr'>in</span> <span class='ocrx_word' id='word_1_113' title='bbox 491 1762 708 1808; x_wconf 88' lang='lat' dir='ltr'>libertate</span> <span class='ocrx_word' id='word_1_114' title='bbox 722 1768 866 1816; x_wconf 71' lang='lat' dir='ltr'>esset,</span> <span class='ocrx_word' id='word_1_115' title='bbox 892 1760 958 1807; x_wconf 89' lang='lat' dir='ltr'>ita</span> <span class='ocrx_word' id='word_1_116' title='bbox 971 1776 1056 1807; x_wconf 87' lang='lat' dir='ltr'>nos</span> <span class='ocrx_word' id='word_1_117' title='bbox 1072 1760 1187 1822; x_wconf 90' lang='lat' dir='ltr'>quid</span> <span class='ocrx_word' id='word_1_118' title='bbox 1201 1759 1252 1806; x_wconf 91' lang='lat' dir='ltr'>in</span> <span class='ocrx_word' id='word_1_119' title='bbox 1265 1760 1502 1814; x_wconf 84' lang='lat' dir='ltr'>servitute,</span> 
     </span>
     <span class='ocr_line' id='line_1_20' title="bbox 186 1841 1505 1905; baseline 0.001 -18"><span class='ocrx_word' id='word_1_120' title='bbox 186 1841 409 1904; x_wconf 86' lang='lat' dir='ltr'>adempto</span> <span class='ocrx_word' id='word_1_121' title='bbox 425 1858 511 1904; x_wconf 90' lang='lat' dir='ltr'>per</span> <span class='ocrx_word' id='word_1_122' title='bbox 526 1842 852 1904; x_wconf 89' lang='lat' dir='ltr'>inquisitiones</span> <span class='ocrx_word' id='word_1_123' title='bbox 869 1850 917 1888; x_wconf 91' lang='lat' dir='ltr'>et</span> <span class='ocrx_word' id='word_1_124' title='bbox 938 1842 1162 1905; x_wconf 89' lang='lat' dir='ltr'>loquendi</span> <span class='ocrx_word' id='word_1_125' title='bbox 1184 1842 1505 1904; x_wconf 85' lang='lat' dir='ltr'>audiendique</span> 
     </span>
     <span class='ocr_line' id='line_1_21' title="bbox 187 1920 1505 1985; baseline 0.001 -17"><span class='ocrx_word' id='word_1_126' title='bbox 187 1922 488 1968; x_wconf 83' lang='lat' dir='ltr'>commercio.</span> <span class='ocrx_word' id='word_1_127' title='bbox 558 1920 848 1969; x_wconf 88' lang='lat' dir='ltr'>Memoriam</span> <span class='ocrx_word' id='word_1_128' title='bbox 871 1938 1062 1985; x_wconf 89' lang='lat' dir='ltr'>quoque</span> <span class='ocrx_word' id='word_1_129' title='bbox 1086 1923 1237 1985; x_wconf 85' lang='lat' dir='ltr'>ipsam</span> <span class='ocrx_word' id='word_1_130' title='bbox 1261 1940 1373 1971; x_wconf 91' lang='lat' dir='ltr'>cum</span> <span class='ocrx_word' id='word_1_131' title='bbox 1387 1929 1505 1970; x_wconf 80' lang='lat' dir='ltr'>voce</span> 
     </span>
     <span class='ocr_line' id='line_1_22' title="bbox 187 2004 1509 2068; baseline 0.002 -19"><span class='ocrx_word' id='word_1_132' title='bbox 187 2004 569 2065; x_wconf 86' lang='lat' dir='ltr'>perdidissemus,</span> <span class='ocrx_word' id='word_1_133' title='bbox 622 2005 659 2051; x_wconf 88' lang='lat' dir='ltr'>si</span> <span class='ocrx_word' id='word_1_134' title='bbox 697 2013 796 2051; x_wconf 86' lang='lat' dir='ltr'>tam</span> <span class='ocrx_word' id='word_1_135' title='bbox 834 2005 884 2051; x_wconf 88' lang='lat' dir='ltr'>in</span> <span class='ocrx_word' id='word_1_136' title='bbox 922 2006 1078 2052; x_wconf 66' lang='lat' dir='ltr'>nostra</span> <span class='ocrx_word' id='word_1_137' title='bbox 1113 2013 1348 2068; x_wconf 86' lang='lat' dir='ltr'>potestate</span> <span class='ocrx_word' id='word_1_138' title='bbox 1389 2013 1509 2052; x_wconf 84' lang='lat' dir='ltr'>esset</span> 
     </span>
     <span class='ocr_line' id='line_1_23' title="bbox 186 2084 788 2148; baseline 0.003 -17"><span class='ocrx_word' id='word_1_139' title='bbox 186 2084 417 2141; x_wconf 85' lang='lat' dir='ltr'>oblivisci,</span> <span class='ocrx_word' id='word_1_140' title='bbox 454 2088 598 2148; x_wconf 77' lang='lat' dir='ltr'>quam</span> <span class='ocrx_word' id='word_1_141' title='bbox 615 2093 788 2133; x_wconf 87' lang='lat' dir='ltr'>tacere.</span> 
     </span>
    </p>
   </div>
   <div class='ocr_carea' id='block_1_5' title="bbox 188 2245 1509 2636">
    <p class='ocr_par' dir='ltr' id='par_1_5' title="bbox 188 2245 1509 2636">
     <span class='ocr_line' id='line_1_24' title="bbox 254 2245 1507 2310; baseline 0 -18"><span class='ocrx_word' id='word_1_142' title='bbox 254 2245 350 2293; x_wconf 87' lang='grc' dir='ltr'><strong>ΙΙΙ.</strong></span> <span class='ocrx_word' id='word_1_143' title='bbox 386 2245 532 2299; x_wconf 89' lang='lat' dir='ltr'>Nunc</span> <span class='ocrx_word' id='word_1_144' title='bbox 549 2248 741 2295; x_wconf 86' lang='lat' dir='ltr'>demum</span> <span class='ocrx_word' id='word_1_145' title='bbox 758 2248 877 2295; x_wconf 89' lang='lat' dir='ltr'>redit</span> <span class='ocrx_word' id='word_1_146' title='bbox 893 2248 1099 2294; x_wconf 83' lang='lat' dir='ltr'>animus:</span> <span class='ocrx_word' id='word_1_147' title='bbox 1137 2254 1183 2294; x_wconf 94' lang='lat' dir='ltr'>et</span> <span class='ocrx_word' id='word_1_148' title='bbox 1201 2256 1507 2310; x_wconf 81' lang='lat' dir='ltr'>quamquam,</span> 
     </span>
     <span class='ocr_line' id='line_1_25' title="bbox 188 2328 1509 2392; baseline 0.001 -17"><span class='ocrx_word' id='word_1_149' title='bbox 188 2329 343 2392; x_wconf 88' lang='lat' dir='ltr'>primo</span> <span class='ocrx_word' id='word_1_150' title='bbox 359 2332 516 2377; x_wconf 86' lang='lat' dir='ltr'>statim</span> <span class='ocrx_word' id='word_1_151' title='bbox 529 2331 784 2378; x_wconf 85' lang='lat' dir='ltr'>beatissimi</span> <span class='ocrx_word' id='word_1_152' title='bbox 801 2331 983 2378; x_wconf 80' lang='lat' dir='ltr'>saeculi⁹</span> <span class='ocrx_word' id='word_1_153' title='bbox 998 2339 1120 2385; x_wconf 89' lang='lat' dir='ltr'>ortu,</span> <span class='ocrx_word' id='word_1_154' title='bbox 1135 2328 1296 2377; x_wconf 85' lang='lat' dir='ltr'>Nerva</span> <span class='ocrx_word' id='word_1_155' title='bbox 1308 2328 1509 2376; x_wconf 86' lang='lat' dir='ltr'>Caesar¹⁰</span> 
     </span>
     <span class='ocr_line' id='line_1_26' title="bbox 191 2410 1508 2473; baseline 0.001 -15"><span class='ocrx_word' id='word_1_156' title='bbox 191 2428 261 2458; x_wconf 89' lang='lat' dir='ltr'>res</span> <span class='ocrx_word' id='word_1_157' title='bbox 295 2411 409 2457; x_wconf 87' lang='lat' dir='ltr'>olim</span> <span class='ocrx_word' id='word_1_158' title='bbox 444 2411 763 2459; x_wconf 83' lang='lat' dir='ltr'>dissociabiles</span> <span class='ocrx_word' id='word_1_159' title='bbox 795 2410 1054 2466; x_wconf 86' lang='lat' dir='ltr'>miscuerit,</span> <span class='ocrx_word' id='word_1_160' title='bbox 1104 2411 1429 2473; x_wconf 88' lang='lat' dir='ltr'>principatum</span> <span class='ocrx_word' id='word_1_161' title='bbox 1452 2428 1508 2459; x_wconf 85' lang='lat' dir='ltr'>ac</span> 
     </span>
     <span class='ocr_line' id='line_1_27' title="bbox 189 2492 1508 2555; baseline 0.001 -17"><span class='ocrx_word' id='word_1_162' title='bbox 189 2492 472 2546; x_wconf 84' lang='lat' dir='ltr'>libertatem,</span> <span class='ocrx_word' id='word_1_163' title='bbox 488 2501 754 2554; x_wconf 84' lang='lat' dir='ltr'>augeatque</span> <span class='ocrx_word' id='word_1_164' title='bbox 769 2492 980 2555; x_wconf 86' lang='lat' dir='ltr'>quotidie</span> <span class='ocrx_word' id='word_1_165' title='bbox 994 2492 1268 2539; x_wconf 87' lang='lat' dir='ltr'>felicitatem</span> <span class='ocrx_word' id='word_1_166' title='bbox 1286 2493 1508 2555; x_wconf 82' lang='lat' dir='ltr'>imperii¹¹</span> 
     </span>
     <span class='ocr_line' id='line_1_28' title="bbox 192 2569 1508 2636; baseline 0.004 -19"><span class='ocrx_word' id='word_1_167' title='bbox 192 2569 351 2619; x_wconf 76' lang='lat' dir='ltr'>Nerva</span> <span class='ocrx_word' id='word_1_168' title='bbox 375 2569 665 2633; x_wconf 78' lang='lat' dir='ltr'>Trajanus‚¹²</span> <span class='ocrx_word' id='word_1_169' title='bbox 719 2589 809 2622; x_wconf 91' lang='lat' dir='ltr'>nec</span> <span class='ocrx_word' id='word_1_170' title='bbox 839 2580 972 2636; x_wconf 85' lang='lat' dir='ltr'>spem</span> <span class='ocrx_word' id='word_1_171' title='bbox 1000 2574 1142 2621; x_wconf 81' lang='lat' dir='ltr'>modo</span> <span class='ocrx_word' id='word_1_172' title='bbox 1171 2590 1228 2621; x_wconf 87' lang='lat' dir='ltr'>ac</span> <span class='ocrx_word' id='word_1_173' title='bbox 1253 2582 1417 2622; x_wconf 83' lang='lat' dir='ltr'>votum</span> <span class='ocrx_word' id='word_1_174' title='bbox 1440 2589 1508 2622; x_wconf 52' lang='lat' dir='ltr'>se*-</span> 
     </span>
    </p>
   </div>
  </div>
 </body>
</html>
