1668 3053
582 267 863 305 AcmcoLA.
1314 244 1381 303 67

61 370 256 417 miscere
298 369 436 423 ictus,
472 369 606 414 ferire
642 369 946 421 umbonibus,
983 383 1066 412 ora
1102 365 1293 418 foedare,
1329 371 1378 410 et

57 449 291 502 tractisssffi
325 449 405 510 qui
425 449 472 494 in
489 465 626 510 aequo
642 449 932 502 obstiterant,
969 448 1146 508 erigere
1165 447 1213 491 in
1230 445 1371 491 colles

59 532 211 577 aciem
247 545 458 590 coepere,
498 539 668 575 ceterae
710 532 942 583 cohortes,
988 526 1289 574 aemulatione
1327 534 1375 571 et

59 612 239 673 impetu
258 611 537 664 commistae,
573 612 812 672 proximos
831 625 1045 672 quosque
1070 609 1276 654 caedere:
1315 622 1372 652 ac

56 693 271 753 ,plerique
299 691 569 746 semineces,
606 702 686 738 aut
725 693 908 753 integri,
945 692 1239 738 festinatione
1275 689 1371 735 vic-

58 773 193 819 toriae
237 773 632 834 relinquebantur.
704 773 899 819 Interim
943 773 1158 834 equitum
1201 779 1370 816 turmae

53 853 287 915 fugeref⁴⁹
337 854 558 899 covinarii
583 853 796 914 peditum
827 870 875 899 se
902 853 1068 914 proelio
1108 853 1364 899 miscuere:

51 944 100 981 et
122 952 409 997 quamquam
427 945 662 982 recentem
679 945 898 982 terrorem
917 936 1184 989 intulerant,
1212 935 1368 981 densis

55 1025 216 1063 tamen
239 1018 443 1063 hostium
467 1018 810 1079 agminibus,²³⁰
845 1027 891 1063 et
916 1017 1230 1079 inaequalibus
1253 1015 1370 1062 locis

55 1099 324 1145 haerebant:
362 1099 651 1161 minimeque
688 1100 914 1160 equestris
945 1115 1000 1144 ea
1024 1113 1202 1159 pugnae
1227 1098 1368 1143 facies

52 1188 168 1234 erat,
228 1181 337 1226 cum
383 1196 508 1242 aegre
559 1180 641 1226 diu
694 1189 884 1234 stantes,
950 1178 1083 1225 simul
1141 1193 1370 1239 equorum

52 1261 326 1321 corporibus
362 1262 727 1323 impellerentur,
786 1278 841 1307 ac
879 1276 1007 1322 saepe
1042 1258 1148 1320 vagi
1187 1274 1365 1312 currus,

51 1342 258 1388 exterriti
277 1343 375 1388 sine
393 1344 652 1389 rectoribus
675 1343 801 1404 equi,
838 1351 889 1388 ut
913 1356 1150 1403 quemque
1167 1339 1366 1386 formido
1391 1373 1394 1379 .

47 1422 234 1477 tulerat,
271 1431 568 1478 transversos,
607 1432 686 1469 aut
705 1424 918 1469 obvios-'⁵¹
945 1423 1262 1468 incursabant.

114 1583 392 1632 XXXVII.
430 1586 492 1633 Et
541 1587 773 1641 Britanni,
831 1587 912 1649 qui
968 1587 1122 1633 adhuc
1182 1601 1362 1648 pugnae

49 1675 266 1727 expertes
285 1683 467 1713 summa
483 1669 673 1714 collium
690 1669 971 1723 insederant,
1009 1676 1055 1714 et
1073 1669 1364 1729 paucitatem

47 1757 309 1795 nostrorum
332 1751 523 1795 vacui²³²
546 1751 847 1812 spernebant,
885 1750 1075 1813 degredi
1099 1747 1362 1810 paullatim,

47 1837 95 1875 et
119 1830 368 1877 circumire
402 1840 535 1892 terga
574 1831 865 1878 vincentium
902 1838 1166 1892 coeperant:
1208 1829 1256 1874 ni
1294 1829 1363 1874 id-

51 1909 204 1971 ipsum
227 1913 401 1958 veritus
431 1912 660 1973 Agricola
684 1922 884 1974 quatuor
906 1913 1119 1973 equitum
1155 1910 1266 1971 alas,
1303 1908 1364 1954 ad

0 1983 1 1989 ¹
45 1992 198 2038 subita
253 1992 364 2038 belli
417 2003 635 2048 retentas,
703 1993 1000 2039 venientibus
1049 1990 1359 2052 opposuisset,

44 2074 312 2134 quanteque
367 2074 566 2121 ferocius
631 2082 946 2127 accurrerant,
1025 2074 1156 2118 tant&
1208 2070 1361 2115 acrius

41 2153 199 2212 pulsos
236 2154 285 2199 in
325 2154 485 2216 fugam
518 2155 789 2217 disjecisset.
860 2154 935 2200 Ita
970 2152 1219 2200 consilium
1255 2149 1358 2196 Bri-

42 2237 293 2279 tannorum
322 2235 370 2280 in
404 2235 529 2296 ipsos
565 2252 771 2282 versum:
821 2243 1198 2294 transvectaeque
1233 2249 1358 2293 prae-

41 2321 181 2373 cepto
217 2313 351 2361 ducis
371 2325 408 2361 ‘a
438 2317 590 2363 fronte
611 2316 928 2378 pugnantium
951 2315 1116 2369 3133353
1151 2330 1358 2360 aversam

41 2391 246 2439 hostium
280 2395 434 2442 aciem
466 2397 688 2443 invasere.
772 2392 899 2442 Tum
945 2398 1050 2441 verb
1084 2394 1356 2456 patentibus

40 2470 154 2518 locis
189 2475 366 2534 grande
401 2484 449 2522 et
484 2486 619 2524 atrox
655 2479 1003 2539 spectaculum:
1054 2477 1203 2539 sequi,
1254 2475 1354 2521 vul-

39 2554 216 2611 nerare,
240 2572 428 2619 capere,
454 2568 597 2622 atque
613 2561 821 2615 eosdem,
857 2561 1026 2606 oblatis
1058 2560 1173 2614 aliis,
1209 2559 1352 2604 truci-

42 2634 163 2682 dare.
231 2636 341 2684 Jam
368 2641 592 2696 hostium,
627 2651 768 2704 prout
786 2644 958 2704 cuique
975 2636 1220 2705 ingenium
1238 2648 1350 2695 erat,

649 2733 676 2768 F
711 2727 739 2768 2
