1668 3053
186 166 250 215 56
580 181 626 217 c,
641 178 899 218 CORNELII
921 184 1110 221 TACITI

186 289 497 342 percurrerat,
533 282 795 345 insumpta:
833 301 888 331 ac
914 285 950 330 si
970 285 1114 331 virtus
1137 283 1434 334 exercituum
1459 290 1507 330 et

186 365 389 413 Romani
413 368 616 414 nominis
639 369 789 430 gloria
805 378 1061 431 pateretur,
1098 370 1315 416 inventus
1333 369 1381 414 in
1404 368 1506 430 ipsa

185 447 431 494 Britannia
468 449 709 495 terminus.
780 449 908 497 Nam
944 450 1084 497 Clota
1124 459 1173 497 et
1209 450 1509 505 Bodotria,¹⁶⁹

185 530 353 577 diversi
384 531 526 576 maris
552 531 744 577 aestibus
767 549 850 593 per
868 533 1151 579 immensum
1170 540 1391 586 revectae,
1424 548 1507 577 an-

185 620 324 673 gusto
340 619 566 657 terrarum
581 612 789 672 spatio¹⁷⁰
804 613 1107 659 dirimuntur:
1127 614 1255 675 quod
1271 622 1370 658 tum
1383 629 1508 673 prae-

184 693 311 739 sidiis
320 692 598 738 firmabatur
611 694 675 737 :¹7¹
704 701 845 755 atque
856 696 1008 740 omnis
1019 695 1211 756 propior
1229 695 1358 740 sinus
1375 704 1506 740 tene-

183 776 338 830 batur,
367 776 612 822 summotis
635 776 761 821 velut
784 776 832 821 in
849 777 988 823 aliam
1005 777 1259 823 insularum
1277 776 1504 822 hostibus.

247 954 445 1003 XXIV.
484 955 669 1005 Quinto
713 956 1074 1017 expeditionum
1125 957 1324 1010 anno‚¹⁷³
1386 971 1507 1002 nave

183 1039 394 1101 primam*
426 1046 756 1100 transgressus,
793 1040 979 1100 ignotas
1002 1039 1123 1085 adid
1140 1046 1328 1100 tempus
1344 1045 1510 1100 gentes

184 1120 360 1167 crebris
375 1120 512 1166 simul
538 1137 592 1167 ac
615 1120 850 1182 prosperis
869 1122 1046 1182 proeliis
1062 1122 1267 1168 domuit:
1307 1138 1508 1183 eamque

183 1211 368 1265 partem
410 1200 688 1257 Britanniae,
759 1219 869 1264 quae
926 1202 1270 1251 Hiberniam¹⁷5
1319 1204 1507 1265 aspicit,

185 1283 335 1344 copiis
361 1281 600 1336 instruxit,
638 1284 686 1328 in
721 1300 854 1344 spem
876 1283 1102 1346 magis,¹⁷⁶
1137 1286 1283 1346 quam
1318 1285 1380 1330 ob
1416 1284 1508 1330 for-

181 1364 432 1410 midinem:
471 1364 702 1426 siquidem
740 1363 994 1420 Hibernia,
1052 1366 1210 1411 medio
1241 1365 1362 1411 inter
1404 1364 1507 1411 Bri-

182 1445 396 1491 tanniam
420 1453 563 1507 atque
588 1444 873 1507 Hispaniam
892 1447 995 1501 sita,
1033 1454 1080 1493 et
1102 1445 1291 1493 Gallico
1316 1463 1508 1509 quoque

183 1528 301 1573 mari
330 1535 615 1589 opportuna,
651 1527 1015 1573 valentissimam
1048 1528 1234 1589 imperii
1271 1528 1509 1589 partem¹⁷⁷

184 1612 370 1673 magnis
393 1612 599 1658 invicem
630 1613 794 1659 usibus
816 1612 1075 1659 miscuerit.
1144 1611 1356 1673 Spatium
1389 1611 1507 1673 ejus,

185 1693 221 1739 si
238 1691 499 1739 Britanniae
520 1700 836 1753 comparetur,
863 1694 1123 1755 angustius,
1152 1692 1297 1739 nostri
1313 1692 1510 1738 maris¹⁷⁸

184 1773 358 1820 insulas
397 1782 600 1836 superat.
673 1772 833 1820 Solum
882 1774 1170 1836 caelumque,
1228 1781 1275 1819 et
1316 1773 1510 1835 ingenia

185 1855 435 1916 cultusque
481 1855 729 1902 hominum
774 1856 901 1902 haud
947 1856 1149 1901 multum
1193 1872 1220 1901 a
1265 1854 1509 1900 Britannia

184 1936 430 1982 differunt:
484 1937 654 1983 melius
699 1937 853 1984 aditus
895 1938 1211 1999 portusque¹⁷⁹
1249 1952 1334 1998 per
1378 1952 1506 1982 com-

183 2018 361 2065 mercia
408 2025 455 2064 et
500 2018 817 2080 negotiatores
862 2018 1058 2080 cogniti.
1151 2017 1382 2079 Agricola
1425 2032 1507 2062 ex.-

182 2101 371 2163 pulsum
390 2101 618 2148 seditione
637 2101 897 2148 domestica
915 2117 1065 2147 unum
1085 2117 1144 2147 ex
1163 2101 1335 2162 regulis
1354 2099 1509 2161 gentis

181 2190 454 2243 exceperat,
523 2185 579 2228 ac
628 2183 787 2244 specie
833 2182 1060 2228 amicitiae
1111 2182 1160 2227 in
1205 2180 1508 2227 occasionem

181 2263 430 2311 retinebat.
500 2261 638 2324 Saepe
674 2279 734 2308 ex
779 2279 834 2309 eo
873 2263 1046 2317 audivi,
1104 2262 1292 2324 legione
1327 2262 1423 2306 una
1462 2268 1510 2306 et

178 2344 382 2390 modicis
418 2345 604 2390 auxiliis
641 2344 865 2391 debellari
899 2344 1198 2406 obtinerique
1223 2342 1509 2388 Hiberniam

180 2443 332 2488 posse.
403 2427 558 2490 quue
603 2428 747 2474 etiam
797 2429 1016 2475 adversus
1062 2426 1356 2474 Britanniam
1400 2440 1509 2486 pro-

180 2509 406 2563 futurum,
456 2509 492 2555 si
535 2507 751 2556 Romana
795 2510 975 2571 ubique
1017 2525 1163 2564 arma,
1220 2516 1267 2554 et
1311 2506 1438 2553 velut
1480 2521 1507 2552 e

171 2598 438 2650 ,conspectu
453 2590 644 2638 libertas
660 2591 913 2638 tolleretur.
