1668 3053
338 258 412 294 AD
447 257 627 294 vlTAM
666 257 754 296 CN.
781 257 893 298 JUL.
919 255 1230 296 AGR1coLAE.
1359 247 1455 296 9227

116 361 430 409 contumelias
469 361 684 407 miscere.
757 360 890 408 Inter
926 375 1097 406 manus
1132 356 1455 420 procuratoris

93 420 98 426 ’
115 427 353 475 numerari
373 442 566 489 quoque
584 435 781 489 possunt
798 426 955 474 coloni
971 423 1193 478 Caesaris,
1232 421 1454 468 adversus

116 510 235 557 quos
259 509 319 540 ne
344 492 461 556 quid
482 492 847 546 tumultuosum,
883 492 957 538 vel
994 491 1278 554 injuriosum
1315 487 1455 534 fieret

116 561 350 607 cavebant
384 566 728 619 procuratores.
799 556 926 604 Vide
944 555 1131 618 Digest.
1167 553 1328 600 Lib.I.
1356 551 1454 598 Tit.

122 627 194 676 19.
234 626 293 671 de
322 622 501 671 Officio
537 625 858 685 procuratoris
894 622 1113 670 Caesaris.
1187 619 1370 682 Legfi.
1398 634 1457 667 ex

120 688 408 737 Callistrato.

183 819 237 845 ¹¹⁵
270 819 539 885 Delectus]
576 818 765 866 Gallice
792 818 915 866 [ετὲε
940 817 996 864 τῖε
1022 825 1224 877 troupes.

183 946 237 972 ¹¹⁶
279 946 530 996 Transisse
565 948 817 1014 militnm]
878 946 1044 997 Quam
1089 948 1238 1010 pauci
1284 948 1462 997 milites

115 1012 321 1061 Romani
346 1015 396 1061 in
419 1013 720 1063 Britanniam
742 1014 1030 1070 transierint,
1068 1015 1105 1061 si
1123 1029 1223 1062 sese
1240 1012 1459 1062 Britanni

118 1089 387 1129 numerent.

185 1212 238 1237 ¹¹⁷
275 1209 548 1258 Excussisse
574 1212 794 1277 jugum]
832 1209 1043 1259 Variana
1079 1213 1214 1260 clade
1226 1234 1239 1268 3
1278 1213 1337 1260 de
1366 1218 1461 1277 qua

116 1275 304 1324 dictum
329 1293 459 1339 saepe
484 1281 626 1339 supra
651 1277 824 1324 Anu-al.
851 1278 873 1325 I
901 1288 948 1324 et
971 1277 1127 1325 XIII.
1201 1277 1325 1326 Vide
1357 1291 1453 1327 notss

117 1345 228 1389 305.
254 1359 365 1405 pag.
396 1347 500 1396 175.
540 1343 633 1389 Ed.

188 1479 240 1504 ¹¹⁸
276 1479 347 1526 Et
366 1478 615 1546 flumina]
653 1477 823 1527 Rheno
850 1495 906 1526 ac
932 1479 1176 1528 Danubio.

187 1612 239 1638 ¹¹⁹
278 1611 412 1660 Quod
457 1613 781 1676 difficillimum
804 1613 1016 1679 fuerit]
1055 1612 1182 1660 Cum
1207 1613 1335 1677 apud
1359 1614 1462 1663 illos

116 1686 257 1724 antea
292 1694 451 1741 neque
487 1689 768 1736 conventus,
819 1696 978 1744 neque
1016 1696 1274 1728 consensus
1312 1680 1457 1737 foret;

115 1752 171 1792 ut
193 1744 378 1791 dictum
403 1753 474 1791 est
497 1749 640 1811 supra
665 1761 772 1808 cap.
799 1749 872 1792 12.

184 1875 236 1900 ¹²⁰
272 1873 559 1941 Boudiced]
599 1876 857 1923 Icenorum
882 1877 1063 1940 regina,
1100 1878 1293 1926 laudata
1317 1885 1459 1943 supra

119 1938 292 1987 Annal.
314 1939 457 1987 XIV.
483 1944 545 1987 31
568 1950 615 1988 et
638 1957 770 2004 seqq.
841 1940 871 1988 J
876 1958 953 1989 am
978 1944 1189 2005 primum
1212 1961 1335 1994 uxor
1357 1949 1459 2008 ejus

118 2004 362 2054 Boudicea
378 2007 651 2055 verberibus
667 2008 858 2064 affecta,
894 2019 942 2056 et
956 2008 1072 2056 filiae
1089 2019 1253 2073 stupro
1269 2012 1460 2059 violatae

117 2081 241 2120 sunt.
280 2072 410 2119 Ann.
437 2089 548 2136 pag.
577 2077 683 2126 172.
720 2072 847 2121 Vide
866 2075 1011 2122 etiam
1029 2083 1127 2123 not.
1148 2075 1225 2123 86.
1264 2077 1358 2125 Ed.

185 2206 237 2232 ¹²¹
277 2207 442 2266 Ipsam
468 2207 741 2276 coloniam]
777 2206 1168 2256 Camulodunum
1180 2230 1194 2266 3
1239 2216 1294 2256 ut
1318 2213 1461 2273 supra

121 2286 229 2334 cap.
257 2274 331 2318 14.

186 2409 240 2435 ¹2²
275 2410 534 2459 Petronius
565 2409 917 2474 Turpilianus]
951 2408 1078 2458 Vide
1111 2413 1253 2473 supra
1286 2410 1459 2459 Annal.

118 2472 261 2521 XIV.
281 2479 360 2527 39.
413 2475 748 2541 Detentusque
772 2477 913 2524 rebus
938 2476 1164 2538 gerundis
1187 2475 1460 2533 Suetonius,

119 2541 250 2602 quod
280 2544 387 2603 post
422 2559 602 2605 paucas
636 2560 779 2591 naves
813 2544 862 2590 in
894 2542 1053 2597 litore,
1108 2543 1463 2606 remigiumque

118 2604 171 2652 in
205 2606 262 2653 iis
302 2608 540 2665 amiserat,
590 2619 821 2672 tanquam
853 2608 1054 2655 durante
1084 2608 1227 2664 bello,
1276 2610 1463 2657 tradere

120 2672 388 2721 exercitum
403 2673 628 2723 Petronio
644 2674 946 2737 Turpiliano,
984 2674 1065 2735 qui
1081 2675 1186 2735 jam
1211 2675 1460 2723 consulatu

733 2759 832 2806 Q2
