1668 3053
360 165 432 201 AD
468 163 646 201 v1TAM
685 164 772 201 cir.
800 166 912 202 JUL.
939 165 1240 202 Aonicomz.
1380 158 1475 207 ί319

209 267 246 294 *¹¹³
282 265 724 330 Pr0.1-2·1722·Gall1·s.]
762 266 898 316 Quos
937 268 1096 313 laudat
1137 265 1317 320 Caesar,
1356 265 1475 313 Bell.

149 332 276 379 Gall.
298 331 353 379 V.
391 333 462 378 14.
536 332 614 378 Ex
648 331 718 377 his
756 333 964 379 omuibus
1002 330 1132 395 long?
1168 339 1277 377 sunt
1316 331 1477 377 leuma-

145 399 342 453 nissimi,
380 398 463 459 qui
482 396 724 453 Cantium,
775 414 906 444 nunc
938 397 1081 452 Kenl,
1121 397 1342 451 incolunt,
1380 413 1481 455 qtae

146 465 276 527 regio
289 471 358 511 est
373 465 617 510 maritima
642 463 804 518 omnis,
841 479 986 525 neque
1008 461 1204 509 multum
1233 478 1262 507 a
1292 461 1480 509 Gallieni

147 530 381 591 (lg'fferunt
404 529 750 577 consuetudine.

213 661 251 687 ‘¹⁹
286 660 688 706 Procurrentz'bus
725 660 771 704 in
808 658 1034 723 diversa]
1085 659 1193 712 Seu,
1232 661 1342 707 cum
1374 677 1482 722 pars

146 726 225 772 illa
261 724 526 772 Britanniae
566 726 614 771 in
652 723 878 780 Galliam,
929 741 1038 787 pars
1076 726 1251 773 Galliae
1291 728 1337 772 in
1379 726 1479 772 Bri-

148 791 361 839 tanniam
385 800 698 853 procurreret,
736 791 902 837 eadem
932 792 1039 838 caeli
1064 793 1236 854 positio
1260 793 1481 841 eumdem

150 857 430 919 corporibus
454 857 671 903 habitum
695 856 839 903 dedit.

218 989 254 1014 *³⁰
289 987 469 1034 Eorum
513 987 698 1052 sacra]
762 988 842 1034 Ac
887 988 1096 1034 maxime
1141 987 1366 1043 DruidaS‚
1437 998 1484 1036 et

149 1054 380 1101 fanaticas
395 1070 561 1100 eorum
575 1053 944 1116 superstitiones.
1004 1054 1130 1099 Vide
1147 1056 1288 1116 supra
1304 1054 1483 1103 Annal.

149 1119 295 1167 XIV.
326 1123 405 1165 30.
475 1118 759 1166 Praesidium
793 1121 994 1181 posthac
1027 1119 1302 1181 impositum
1327 1120 1483 1178 victis,

153 1185 400 1248 excisique
427 1185 542 1241 luci,
580 1185 716 1232 saevis
740 1185 1154 1246 superstitionibus
1177 1184 1320 1230 sacri:
1373 1201 1487 1233 nam

151 1266 319 1298 cruore
354 1252 548 1314 captivo
584 1251 772 1298 adolere
808 1267 926 1306 aras,
981 1260 1028 1296 et
1065 1250 1315 1297 hominum
1354 1250 1486 1298 fibris

151 1316 398 1364 consulere
423 1317 536 1364 deos
559 1317 627 1364 fas
651 1316 909 1363 habebant.
948 1315 1078 1362 Ann.
1106 1332 1216 1378 pag.
1244 1319 1350 1369 171.
1390 1316 1483 1365 Ed.

216 1453 250 1478 ⁸¹
287 1450 493 1513 Sermo]
552 1450 826 1498 Sermonem
883 1450 1017 1496 illum
1071 1450 1228 1497 adhuc
1281 1451 1486 1500 retinent

153 1517 281 1580 apud
294 1516 500 1579 Anglos‚
527 1518 609 1580 qui
627 1516 942 1571 Coi-numam,
970 1516 1222 1572 Cor-mcall,
1248 1517 1484 1575 habitant,

150 1583 278 1646 apud
302 1581 484 1637 Gallos,
522 1583 603 1646 qui
620 1582 968 1638 Aremoricam,
1007 1583 1053 1628 la
1072 1583 1486 1645 Basse-Bresagne

152 1649 384 1696 incolunt.
453 1647 547 1695 Sed
569 1665 630 1695 ex
653 1647 821 1710 Belgio
861 1649 1070 1695 maxime
1107 1649 1157 1694 in
1191 1648 1488 1698 Britanniam

149 1715 377 1761 transiere
401 1712 547 1769 Galli,
598 1723 652 1761 ut
688 1714 847 1760 videre
884 1723 954 1761 est
991 1714 1120 1777 apud
1155 1712 1339 1761 Julium
1377 1712 1486 1761 Cae-

152 1796 320 1835 sarem,
358 1778 476 1826 Bell.
500 1778 629 1826 Gall.
651 1780 711 1825 V.
744 1783 814 1826 12.

218 1912 254 1938 ⁵³²
287 1911 539 1975 Ferociae]
578 1911 639 1957 In
662 1928 766 1958 eam
783 1911 1011 1959 ferociam
1027 1911 1115 1972 ipsi
1133 1911 1334 1958 infantes
1350 1912 1487 1959 innu-

151 1976 418 2025 triebantur
448 1987 496 2024 et
526 1977 880 2033 adolescebant,
916 1986 1037 2024 teste
1060 1975 1238 2033 Solino,
1276 1982 1438 2039 cap.f.'

151 2043 306 2105 Apud
329 2043 608 2091 bellicosam
635 2041 974 2090 Britannorum
998 2052 1209 2106 gentem,
1247 2055 1490 2103 puerpera

152 2109 198 2154 si
240 2109 426 2170 quando
472 2125 649 2156 marem
696 2109 864 2164 edissdzt
927 2121 1109 2168 prunos
1154 2110 1274 2156 cibos
1328 2109 1490 2171 gladzo

155 2174 352 2235 i‘mpomt
385 2177 567 2231 marz'tz,
606 2191 744 2237 mque
779 2191 826 2222 os
856 2176 1054 2235 parv'ulz
1075 2191 1250 2221 summo
1272 2191 1491 2221 mucrone

155 2242 416 2300 auspicium
459 2241 783 2288 alimentorum
823 2241 992 2288 leviter
1032 2242 1243 2299 i‘uferczt,
1296 2248 1343 2287 et
1377 2257 1490 2304 geu-

157 2307 321 2353 tilibus
344 2308 461 2353 votis
484 2314 618 2367 optat
642 2324 729 2354 non
752 2307 913 2364 aliter,
951 2304 1091 2370 qudm
1111 2307 1157 2355 2'72
1174 2306 1286 2354 bello
1301 2313 1347 2353 et
1368 2309 1492 2355 inter

158 2388 295 2418 arma
321 2380 516 2420 mortem
538 2380 745 2434 oppetat.

227 2501 262 2529 ⁸³
306 2502 429 2550 Olim
456 2501 634 2565 victis]
673 2502 724 2548 A
750 2501 967 2550 Claudio.
1038 2503 1164 2550 Vide
1181 2502 1493 2566 Supplemen-

157 2575 266 2613 tum
289 2569 573 2624 Annalium,
602 2566 696 2615 IX.
714 2572 792 2616 50.
815 2577 861 2615 et
876 2585 1007 2632 seqq.
1080 2568 1295 2621 Bericus‚
1321 2569 1495 2632 aliique

158 2648 223 2680 ex
270 2633 519 2685 Britannia
563 2634 626 2686 ob
672 2635 955 2682 seditionem
997 2635 1205 2701 profugi,
1273 2635 1493 2694 insulam,
