1668 3053
302 206 374 242 AD
398 204 499 242 Lm.
527 202 599 239 DE
625 201 864 239 molimus
889 184 1288 239 GERMAN'ORUM.
1364 193 1453 243 177

139 308 356 355 adversus
391 306 610 353 Cimbros
642 306 826 350 tantum
862 303 943 352 sed
973 312 1020 349 et
1047 304 1266 350 adversus
1289 317 1453 350 eorum

128 375 367 436 *conjuges
384 373 472 419 fuit
493 370 819 432 pugnandum.
890 367 1033 414 Unde
1055 367 1234 424 florus,
1274 368 1372 415 III.
1405 372 1451 414 3.

136 439 242 484 .Nec
262 439 411 484 minor
433 451 534 483 cum
557 436 776 481 uxoribus
798 451 952 481 eorum
971 446 1151 496 pugna,
1188 431 1326 494 quam
1350 450 1452 489 cum

137 504 250 563 ipsis
257 504 394 562 fuit.-
431 500 551 555 cum,
590 501 777 558 objectis
813 500 1014 560 undique
1043 499 1274 559 plaustris
1310 507 1453 561 atque

138 569 390 629 carpentis,
428 568 534 613 altae
571 565 781 624 desuper,
818 567 994 626 quasie
1017 564 1244 620 turribus,
1281 565 1453 612 lanceis

134 634 368 695 contisque
382 638 665 695 pugnarent.
712 630 922 676 Perinde
934 631 1138 688 speciosa
1152 645 1276 676 mors
1289 646 1452 678 earum

121 699 247 755 fuit,
283 695 421 759 quam
438 710 614 760 pugna.
686 695 814 742 lVam
834 693 954 750 cum,
989 694 1129 741 missii
1153 695 1217 742 ad
1232 695 1451 743 Marium

116 763 379 825 legatione,
432 763 694 808 libertatem
740 777 795 808 ac
837 759 1148 807 sacerdotium
1187 758 1452 809 Vestalium

134 843 225 873 non
255 828 593 889 impetrassent,
633 829 742 883 (nec
758 828 848 885 sas
871 829 1006 884 erat)
1041 826 1280 886 suffocatis
1303 827 1449 873 elisis-

133 909 222 953 que
242 894 418 952 passim
449 892 707 950 infantibus
736 892 849 947 suis,
887 898 971 938 aut
1001 892 1174 937 mutuis
1210 891 1452 940 concidere

132 959 414 1013 vulneribus,
468 965 554 1003 aut
590 957 769 1004 vinculo
800 974 827 1002 e
859 956 1064 1003 crinibus
1098 957 1193 1002 suis
1214 957 1356 1015 facto
1394 960 1453 1005 ab

132 1024 375 1069 arboribus
402 1025 625 1086 jugisque
655 1023 990 1082 pependerunt.
1060 1022 1254 1067 Boiorix
1287 1039 1370 1070 ret
1401 1026 1447 1070 in

129 1089 232 1134 acle
262 1089 487 1134 dimicans
518 1085 716 1150 impigre
745 1103 826 1134 nec
863 1088 1037 1133 inultus
1070 1088 1295 1134 occubuit.
1368 1086 1448 1136 Ob

129 1162 286 1200 tantas
301 1154 522 1200 victorias
547 1169 672 1199 anno
696 1151 841 1199 Urbis
864 1153 1072 1198 conditae
1110 1162 1280 1199 DCLII.
1304 1155 1448 1215 juxta

129 1218 271 1265 fastos
285 1218 596 1280 Capitolinos,
624 1227 903 1263 c.MAR1vs.
934 1226 1188 1264 C.F1L1VS.
1219 1227 1442 1265 eoxva.

131 1295 181 1329 V.
208 1293 294 1329 DE.
322 1293 650 1330 TEVTONEIS.
677 1291 1039 1329 AMBRONIBVS.
1080 1293 1152 1329 ET
1190 1292 1443 1331 CIMBREIS

124 1348 444 1412 triumphavit.

112 1507 114 1509 ·
188 1484 242 1511 ³⁰⁷
277 1483 435 1532 Divus
474 1485 669 1548 Julius]
723 1483 878 1532 Julius
923 1484 1088 1531 Caesar
1129 1485 1440 1543 Ariovistum,

115 1547 471 1597 Germanorum
510 1566 688 1613 regem,
735 1567 886 1613 prope
919 1551 1208 1610 Danzpierre
1244 1551 1360 1598 dans
1396 1553 1442 1600 la

122 1614 362 1661 Franclte-
372 1615 530 1662 Comte
559 1617 690 1671 vicit,
726 1616 946 1678 fusosque
970 1614 1234 1663 Germanos
1257 1616 1439 1679 ingenti

123 1688 278 1742 strage
314 1681 512 1742 triginta
538 1681 687 1728 millia
715 1681 999 1744 quingentos
1023 1697 1186 1743 passus
1207 1697 1359 1743 usque
1382 1685 1442 1731 ad

121 1742 341 1792 Rhenum
375 1747 614 1794 insecutus
651 1755 736 1801 est,
787 1756 1038 1809 totumque
1059 1747 1188 1792 hunc
1214 1763 1442 1810 campum

122 1811 427 1858 cadaveribus
482 1828 539 1857 ac
597 1812 756 1872 spoliis
811 1813 1067 1874 complevit
1111 1828 1238 1860 anno
1282 1812 1344 1858 U.
1381 1813 1436 1860 C.

122 1885 348 1921 DCXCVI.
396 1875 491 1923 Jul.
533 1876 657 1924 Caes.
697 1877 815 1923 Bell.
859 1877 983 1924 Gall.
1027 1877 1065 1924 I.
1103 1880 1166 1922 33
1198 1888 1245 1925 et
1279 1883 1357 1924 52.
1391 1891 1439 1927 et

120 1939 359 1988 Plutarch.
400 1943 449 1988 in
488 1941 695 1997 Caesare,
747 1959 857 2005 pag.
894 1941 1002 1994 675.
1072 1942 1205 1989 Ante
1244 1961 1273 1990 a
1309 1942 1442 1993 Julio·

118 2003 309 2052 Caesare
350 2007 536 2054 multati
581 2008 766 2054 fuerant
806 2006 1044 2071 Tigurini,
1103 2008 1184 2071 qui
1226 2009 1339 2055 olim
1379 2009 1433 2067 L.

117 2069 350 2126 Cassium,
408 2081 461 2118 ut
517 2076 657 2134 supra
709 2073 890 2119 dictum
944 2082 1030 2128 est,
1087 2074 1435 2131 interfecerant,

117 2133 481 2198 Romanumque
525 2138 788 2184 exercitum
840 2139 926 2185 sub
975 2139 1150 2202 jugum
1197 2141 1432 2200 miserant.

116 2198 240 2248 Vide
269 2200 366 2248 Jul.
391 2202 568 2249 Caesar.
593 2202 709 2249 Bell.
736 2202 860 2250 Gajl.
890 2202 928 2250 Ι.
972 2207 1043 2249 12.

178 2333 234 2358 ³⁰⁸
283 2334 474 2380 Drusus
518 2350 572 2380 ac
616 2334 748 2381 Nero
792 2341 838 2381 et
888 2334 1245 2398 Germanicus]
1304 2334 1435 2386 Nero

113 2395 341 2444 Claudius
364 2397 564 2453 Drusus,
601 2400 683 2461 qui
721 2399 782 2446 ob
818 2416 889 2447 res
925 2401 973 2446 in
1011 2399 1272 2447 Germania
1310 2419 1434 2464 prae-

114 2462 238 2508 clare
285 2472 439 2525 gestas
483 2464 571 2510 sibi
616 2465 804 2527 suisque
847 2465 1125 2527 Germanici
1165 2482 1435 2528 cog-nomen

113 2527 299 2573 meruit.
367 2526 492 2575 Vide
506 2527 714 2576 Stemma
728 2526 993 2587 Caesarum,
1012 2548 1159 2594 *nur-n.
1174 2535 1256 2592 79·
1310 2531 1434 2590 Vide

27 2596 45 2610 ⁶
111 2601 206 2638 not.
225 2596 336 2646 98⁶2,
361 2603 545 2653 partem
560 2595 791 2641 ultimam.
823 2587 1228 2651 'Tiberius‘NerQ
1252 2596 1434 2645 Tiberii

110 2656 298 2704 Claudii
325 2657 527 2706 Neronis
545 2670 590 2705 et
607 2659 756 2707 Liviae
772 2660 915 2717 filius,
941 2671 1077 2709 natus
1097 2671 1230 2709 sexto
1247 2663 1432 2714 decime

762 2751 800 2786 N
