1668 3053
296 209 367 248 AD
403 207 504 246 Lm.
532 206 606 245 DE
642 207 883 246 moninus
922 211 1309 250 GERMANORUM
1374 207 1465 256 199

193 314 248 344 ⁴⁰⁸
282 313 361 359 Ne
377 320 478 358 voto
495 311 725 375 quidem]
762 310 861 358 Illis
885 322 1052 358 natura
1075 314 1264 360 sufficit.
1334 315 1456 363 Inde

134 393 194 425 ne
215 387 326 426 voto
345 377 539 440 quidem
561 393 698 439 opus,
736 377 848 437 quia
868 385 1043 423 natura
1062 380 1300 425 minimum
1314 383 1463 440 petit,

134 443 297 490 Senec.
324 444 416 491 loc.
440 444 520 490 cit.

195 577 249 607 4⁴³⁹
284 574 522 621 Hellusios
540 582 587 620 et
612 574 865 639 Orionem]
894 573 1033 621 Ultra
1053 574 1239 623 Fennos
1258 576 1464 626 Hellusii

130 650 179 687 et
202 639 434 695 Oxiones,
482 655 613 686 nunc
638 640 684 685 la
711 640 934 699 Laponie.
1005 640 1131 687 Cum
1177 643 1225 687 in
1270 645 1341 690 his
1386 644 1464 690 sri-

130 706 382 768 gidissimis
418 705 691 768 regionibus
730 706 946 752 homines
986 707 1228 753 horrerent
1272 710 1462 757 hirsutis

131 773 334 818 ferarum
352 772 570 833 pellibus,
607 770 724 816 dicti
740 781 849 817 sunt
865 787 946 817 ora
964 772 1228 827 hominum,
1267 789 1469 836 corpora

136 846 359 899 artusque
382 838 584 883 ferarum
608 851 794 897 gerere3
822 837 1067 882 communi
1085 854 1256 894 errore,
1277 850 1324 884 et
1340 842 1467 901 apud

133 919 219 948 nos
244 903 387 948 etiam
410 903 458 947 in
480 902 848 964 longinquarum
882 902 1321 964 peregrinationum
1359 921 1465 952 nar-

137 968 397 1014 rationibus
420 968 628 1029 vulgato.
697 967 841 1013 Adde
878 969 1020 1013 moris
1057 983 1157 1014 esse
1195 971 1323 1030 apud
1362 971 1468 1017 bar-

136 1034 274 1079 baros
297 1034 467 1079 imitari
492 1049 630 1079 sonos
653 1031 855 1079 ferarum
887 1042 940 1078 ut
972 1042 1176 1079 terreant
1210 1045 1255 1080 et
1290 1036 1466 1082 fallant.

138 1097 255 1144 Vide
295 1097 346 1145 P.
374 1100 434 1145 de
471 1097 772 1152 Charlevoix,
833 1098 1055 1144 Histoire
1090 1108 1135 1144 et
1166 1100 1469 1160 Descripsion

132 1164 350 1225 generale
388 1165 444 1210 de
481 1165 527 1210 lu
567 1164 772 1209 nouvelle
809 1163 1011 1211 France.
1050 1164 1178 1212 Libr.
1209 1169 1247 1211 1.
1275 1182 1383 1229 pag.
1413 1169 1467 1213 16

137 1238 183 1274 et
207 1245 338 1292 seqq.

199 1363 253 1392 4¹⁰
290 1362 350 1408 In
386 1361 587 1407 medium
632 1359 939 1423 relinquam]
1002 1360 1134 1409 Bene
1178 1365 1468 1428 egregieque

134 1427 326 1474 factum.
397 1426 599 1473 Fabulas
615 1427 744 1473 enim
759 1428 1043 1488 prodidisset
1061 1427 1278 1486 Tacitus,
1305 1433 1468 1493 quales

136 1492 289 1549 Mela,
324 1493 521 1546 Plinius,
559 1493 733 1554 aliique
757 1493 966 1554 plurimi,
1004 1496 1145 1540 etiam
1164 1498 1465 1546 recentiores.

135 1558 281 1604 Nunc
319 1560 428 1606 vero
460 1558 640 1620 aliquid
672 1559 731 1604 de
767 1567 869 1604 toto
907 1560 998 1604 hoc
1036 1560 1156 1606 libro
1194 1567 1467 1611 summatim

132 1625 377 1672 observare
403 1624 557 1685 juvat.
629 1621 942 1684 Compertum
967 1625 1095 1670 enim
1121 1628 1236 1672 mihi
1264 1629 1464 1686 videtur,

135 1699 181 1735 et
214 1691 436 1737 omnibus
460 1697 767 1750 perspectum
791 1689 896 1743 erit,
933 1698 985 1735 ut
1017 1691 1202 1752 opinor,
1239 1692 1466 1742 Tacitum

134 1756 250 1801 nihil
290 1756 349 1801 de
386 1753 739 1800 Germanorum
779 1755 990 1800 moribus
1031 1757 1287 1819 scripsisse,
1341 1763 1470 1822 quod

136 1836 247 1867 cum
270 1821 436 1866 natura
460 1829 506 1865 et
531 1819 728 1867 veritate
763 1836 860 1866 non
898 1823 1178 1868 consentiat.
1251 1823 1295 1869 Si
1319 1826 1466 1882 enim,

135 1896 187 1932 ut
231 1886 515 1948 quibusdam
558 1884 758 1945 placuit,
828 1885 1022 1946 ingenio
1067 1904 1151 1934 suo
1198 1889 1467 1938 indulsisset

134 1950 348 2005 Tacitus,
384 1960 436 1997 ut
469 1950 821 1996 Germanorum
859 1966 1013 1996 mores
1053 1952 1259 2015 fingeret
1287 1958 1464 2016 potius,

139 2020 286 2078 quam
310 2017 514 2071 referret,
552 2013 793 2061 Romanos
827 2017 1053 2077 carpendi
1084 2020 1285 2080 cupidus
1296 2041 1310 2075 3
1349 2037 1467 2082 quo-

134 2083 277 2129 modo
313 2098 466 2128 mores
501 2081 565 2127 illi
601 2079 953 2127 Germanorum
978 2098 1088 2128 cum
1113 2083 1468 2135 Canadensium

135 2149 364 2203 moribus,
402 2148 483 2209 qui
508 2148 673 2207 vigent
698 2147 872 2200 adhuc,
922 2148 1155 2211 nobisque
1203 2161 1312 2197 sunt
1361 2169 1467 2213 per·

136 2214 435 2275 spectissimi,
473 2211 795 2259 concordant?
868 2211 1130 2261 Quomodo
1170 2232 1324 2262 mores
1365 2218 1468 2265 illos

136 2279 507 2331 Germanorum,
559 2277 607 2322 in
644 2277 880 2322 veteribus
912 2278 1116 2339 legibus,
1166 2280 1335 2337 Salica‚
1386 2282 1467 2329 Ri-

133 2345 427 2406 puarioruin,
464 2342 881 2404 Burgundionum,
935 2345 1226 2406 Anglorum,
1277 2346 1467 2410 Lango-

139 2410 410 2464 bardorum,
479 2409 793 2469 aliorumque,
864 2410 1136 2469 superstites
1205 2413 1468 2473 deprehen-

137 2475 318 2521 dimus?
359 2473 636 2528 Quomodo,
668 2485 774 2534 post
803 2481 872 2518 tot
900 2483 1151 2538 tantasque
1182 2479 1470 2527 saeculorum

139 2550 282 2601 atque
308 2540 615 2602 imperiorum
640 2540 782 2592 vices,
817 2554 972 2585 mores
996 2540 1114 2595 illos,
1152 2559 1264 2587 usus
1287 2546 1472 2592 tamdiu

138 2608 387 2662 retinuere,
461 2605 697 2667 hodieque
753 2607 927 2666 magna
982 2621 1041 2650 ex
1087 2617 1220 2667 parte
1265 2609 1473 2658 retinent
