1668 3053
212 150 299 195 114
364 184 367 187 .
494 162 653 198 No’rAE
690 163 761 200 ET
795 164 1223 202 EMENDATIONES

203 260 262 305 de
277 275 325 306 re
347 262 535 324 egregie
557 264 770 311 disseruit
783 263 854 310 Cl.
873 266 932 313 de
947 265 1306 329 Montesquieu‚
1341 268 1511 329 Espric

205 324 283 370 des
321 327 457 381 Loix,
513 327 684 375 XXX.
736 334 812 375 20.
880 332 950 378 At
994 332 1120 378 idem
1169 331 1241 378 Cl.
1284 331 1511 396 Scriptor,

204 389 294 435 loc.
316 392 395 438 cit.
423 409 526 454 cap.
559 396 629 443 19.
665 395 885 456 opinatur
907 395 1169 443 Germanos
1193 397 1348 443 adhuc
1371 399 1516 446 fuisse

203 453 254 498 in
272 464 393 502 statu
417 467 598 504 naturae
613 467 824 520 tempore
846 460 1019 507 Taciti.
1055 460 1146 508 Cui
1170 462 1249 508 vix
1272 463 1508 509 assentiar.

205 516 302 565 Ubi
341 523 467 568 enim
502 539 651 585 reges,
708 524 790 569 ubi
827 526 1055 580 civitates,
1110 527 1193 572 ubi
1229 526 1374 583 freda,
1428 543 1510 574 seu

192 586 384 641 multae,
422 603 530 648 quae
570 589 684 650 regi,
719 590 792 635 vel
837 591 1032 646 civitati,
1088 591 1170 637 ubi
1212 588 1512 654 Widrigilda,

204 647 253 692 id
287 661 372 706 est,
422 661 565 699 certae
602 654 981 714 compositiones,
1005 679 1008 682 >
1029 672 1138 717 quae
1175 655 1263 717 ipsi
1295 657 1377 717 qui
1411 657 1512 703 vin-

204 713 403 770 dicatur,
438 719 509 764 vel
525 719 801 780 propinquis
823 721 924 781 ejus
947 721 1262 774 exsolvantur,
1296 721 1363 767 ibi
1379 721 1514 768 desiit

203 785 349 826 status
384 790 584 837 naturae,
634 782 698 828 ibi
735 783 1034 831 dominantur
1070 785 1215 846 legeS,
1264 785 1329 831 ibi
1352 786 1513 848 vigent

203 840 362 904 legum
385 847 594 908 imperia.

271 974 319 997 ¹⁰⁸
355 974 422 1020 Et
462 978 739 1040 princijms]
808 978 978 1024 Paucis
1029 978 1313 1041 explicanda
1365 977 1513 1026 civilis

204 1034 548 1087 Germanorum
588 1045 791 1103 οἰκονομία.
862 1043 1009 1090 Erant
1047 1044 1181 1091 divisi
1221 1045 1272 1090 in
1304 1042 1510 1101 populos.

200 1101 301 1147 Alii
341 1107 679 1166 regnabuntur,
702 1108 783 1153 ibi
818 1124 974 1171 reges:
1012 1110 1112 1155 aliis
1133 1108 1314 1170 placuit
1332 1107 1513 1165 civitas,

202 1182 311 1226 quae
350 1171 504 1232 prima
540 1181 610 1218 est
645 1172 940 1234 reipublicae>
966 1173 1130 1226 forma,
1167 1174 1231 1219 ibi
1260 1172 1513 1233 princz‘pc’s.

202 1231 350 1295 Reges
385 1251 547 1297 regno,
590 1238 826 1297 principes
862 1238 1040 1284 civitati
1069 1246 1319 1300 praeerant.
1386 1235 1516 1284 Tum

202 1295 252 1341 in
308 1301 479 1361 regnis,
548 1308 649 1348 tum
707 1302 754 1347 in
814 1302 1081 1355 civitatibus
1123 1319 1223 1349 rem
1264 1301 1517 1349 militarem

201 1364 428 1424 regebant
460 1365 609 1412 duces.
679 1367 852 1426 Populi
893 1375 1051 1413 autem
1095 1367 1424 1414 dividebantur
1467 1369 1517 1414 in

194 1437 356 1490 pagos.
424 1429 501 1475 Sic
530 1429 786 1478 Semnones
806 1441 998 1478 centum
1020 1432 1154 1493 pagis
1177 1432 1516 1479 habitabantur

200 1499 253 1536 ut
275 1493 460 1540 dicetur
494 1495 615 1543 infra
649 1511 754 1556 cap.
773 1500 851 1547 39.
922 1496 1214 1543 Helvionum
1237 1513 1353 1558 gens
1377 1497 1514 1559 quin·

199 1558 354 1617 gentis
397 1560 532 1621 pagis
568 1561 823 1616 incolebat,
874 1560 994 1608 Plin.
1030 1559 1116 1607 IV.
1157 1565 1228 1608 13.
1308 1560 1513 1623 Singulis

192 1624 336 1683 pagis
364 1639 486 1670 unus
521 1633 619 1671 erat
656 1627 894 1688 princeps,
931 1634 1012 1672 aut
1036 1626 1194 1687 potius
1218 1642 1396 1691 comes,
1432 1627 1514 1689 qui

189 1688 303 1748 jura
317 1688 556 1736 reddebat.
624 1690 766 1752 Pagi,
802 1700 855 1737 ut
874 1699 1088 1737 notatum
1102 1699 1172 1738 est
1186 1692 1327 1752 supra
1342 1706 1447 1751 cap.
1467 1689 1511 1738 6.

198 1766 308 1813 pag.
345 1756 416 1799 13.
476 1754 893 1802 subdividebantur
936 1756 985 1801 in
1037 1755 1083 1801 V
1081 1757 1186 1811 icos,
1243 1772 1325 1802 seu
1372 1754 1513 1802 Hun-

197 1815 381 1873 dredas,
406 1835 516 1881 quae
535 1828 752 1866 centenae
770 1820 1055 1867 centuriaeve
1070 1821 1366 1875 dicebantur,
1386 1821 1515 1881 quod

198 1890 394 1928 centum
428 1883 558 1930 villas
594 1885 909 1932 continerent.
994 1885 1053 1930 In
1085 1900 1374 1946 unoquoque
1407 1884 1515 1931 vico

198 1961 320 1993 unus
359 1956 458 1994 erat
488 1965 547 1994 ex
574 1949 713 2010 plebe
745 1966 921 2005 comes,
971 1958 1052 1996 aut
1081 1950 1238 2010 potius
1269 1957 1514 2005 centenus,

198 2010 347 2071 quiet
363 2014 660 2060 centenarius
682 2016 943 2076 appellatus
960 2022 1044 2060 est.
1113 2013 1289 2060 Coram
1313 2022 1516 2062 centeno

198 2078 529 2124 centenariove
542 2079 745 2125 minores
761 2096 917 2126 causae
937 2079 1288 2126 dirimebantur.
1342 2079 1518 2126 Coram

198 2142 373 2194 comite
392 2157 549 2190 causae
570 2153 850 2197 omnestam
875 2144 1089 2205 majores,
1127 2147 1269 2206 quam
1292 2145 1514 2201 minoreS,

199 2207 613 2266 cognoscebantur
648 2226 702 2255 ac
722 2209 1086 2270 judicabantur.
1128 2210 1138 2212 ”
1171 2208 1292 2255 Inde
1326 2210 1377 2255 in
1410 2210 1516 2271 lege

199 2269 592 2327 Alamannorum,
627 2272 723 2319 Tit.
744 2272 993 2320 XXXVI.
1028 2274 1120 2336 leg.
1147 2276 1187 2318 l.
1252 2273 1515 2321 Conventus

199 2333 444 2381 secundnm
491 2339 732 2398 antiquam
776 2338 1148 2385 consuetudinem
1171 2337 1274 2394 fiat
1308 2340 1357 2384 in
1393 2341 1518 2386 omni

194 2398 391 2457 cren-tenti
427 2417 581 2448 coram
616 2406 796 2457 comite,
834 2411 919 2449 ant
955 2419 1035 2448 suo
1071 2403 1238 2457 Misso,
1272 2411 1321 2449 et
1358 2419 1514 2451 coram

199 2467 464 2520 centenario
482 2467 625 2525 ipsum
641 2469 984 2527 placilmnfiat.
1034 2467 1095 2513 Et
1113 2467 1162 2514 in
1177 2468 1515 2530 capitularibus

198 2527 353 2574 Caroli
378 2529 560 2593 {Magni
590 2543 635 2578 et
670 2532 898 2580 Ludovici
934 2533 1251 2595 Imperatoris,
1301 2532 1396 2579 III.
1435 2537 1510 2586 79.
