1668 3053
342 203 413 240 AD
449 203 548 239 LIB.
574 201 645 238 DE
681 200 916 236 MORIBUS
952 196 1349 237 GERMANORUM.
1407 185 1495 238 167

189 300 250 350 ad
291 303 524 350 Amisiam
567 299 743 349 flumen
790 302 995 348 secunda
1040 299 1339 361 navigatione
1392 313 1497 360 per-

191 369 389 415 vehitur.
427 370 555 415 Ann.
577 367 642 413 II.
667 383 776 429 pag.
797 366 873 418 76.
912 365 1003 411 Ed.

255 513 306 538 2³¹
342 512 565 560 Herculis
588 512 856 574 columnas]
897 510 995 558 Ubi
1032 521 1259 558 terrarum
1292 511 1496 565 termini,

192 593 279 624 nec
294 577 398 638 plus
414 578 549 631 ultra,
567 578 631 624 ibi
646 578 894 623 maritimae
905 585 1068 638 gentes
1082 576 1262 622 finxere
1279 576 1500 622 Herculis

192 643 448 688 columnas.
519 642 652 691 Quas
698 642 889 703 quidem
933 642 1166 702 inquirere
1202 657 1374 687 vanum
1414 649 1496 686 est.

194 705 321 754 Quae
365 707 694 768 tamen'apud
734 705 901 752 Frisios
946 706 1319 760 celebrabantur,
1374 705 1501 752 fuere

192 773 301 817 sane
330 770 378 817 in
406 770 655 817 Frisiorum
690 770 877 826 finibus,
913 771 1108 817 minime
1132 771 1308 816 veroin
1331 769 1501 816 Suecia

196 836 610 897 promontorioque
676 834 949 891 Cimmerio,
1018 843 1069 880 ut
1131 835 1230 880 vult
1295 835 1501 881 eruditus

194 897 512 954 Rndbeckius,
549 901 804 946 Allantica.
840 917 948 963 pag.
977 903 1064 945 251
1093 907 1139 944 et
1164 915 1292 962 seqq.
1351 941 1353 944 .

258 1028 311 1052 ‘²⁸²'
346 1027 504 1074 Druso
570 1026 885 1089 Germanica]
955 1025 1133 1073 Tiberii
1203 1026 1503 1089 Imperatoris

181 1093 347 1146 vfratre,
371 1101 503 1153 patre
519 1091 817 1147 Germanici3
847 1091 1003 1138 Frisiis
1018 1093 1245 1138 tributum
1260 1093 1500 1154 imposuit,

194 1166 246 1203 ut
275 1157 475 1203 vidimus
512 1174 652 1219 supra
682 1158 853 1203 Annal.
877 1156 961 1202 IV.
985 1161 1060 1209 72.
1107 1157 1291 1219 aliaque
1315 1159 1505 1218 egregia

198 1221 243 1266 in
303 1220 560 1268 Germania
618 1223 851 1283 praestitit.
949 1221 1129 1268 Eodem
1175 1239 1297 1269 anno
1351 1222 1501 1276 Frisii,

197 1288 557 1332 transrhenanus
591 1287 809 1348 populus,
867 1302 1037 1348 pacem
1095 1287 1282 1341 exuere,
1350 1289 1507 1332 nostra.

176 1351 343 1411 ¹inagis
368 1352 574 1405 avaritia,
611 1354 752 1412 quam
773 1352 983 1413 obsequii
1019 1351 1330 1411 impatientes.
1399 1350 1503 1397 Tri-

196 1414 363 1460 butum
386 1416 440 1462 iis
463 1415 643 1462 Drusus
649 1416 851 1477 jusserat
873 1417 1131 1470 modicum,
1169 1432 1254 1477 pro
1291 1416 1506 1478 angustia

199 1494 367 1534 rerum,
404 1490 456 1526 ut
479 1481 526 1526 in
548 1497 657 1526 usus
680 1481 899 1527 militares
923 1482 1050 1526 coria
1067 1482 1210 1527 bourn
1228 1482 1502 1542 penderent.

195 1543 322 1590 Ann.
363 1541 447 1590 IV.
494 1563 602 1607 pag.
643 1549 749 1590 251.
840 1545 969 1592 Nero
1024 1545 1250 1592 Claudius
1302 1545 1499 1600 Drusus,

196 1607 373 1655 Tiberii
405 1610 589 1656 Claudii
612 1609 818 1656 Neronis
853 1621 901 1657 et
942 1610 1091 1656 Liviae
1133 1610 1271 1666 silius,
1328 1609 1506 1657 Tiberii

202 1673 492 1735 imperatoris
537 1675 690 1730 frater,
735 1684 870 1722 natus
906 1691 1030 1721 anno
1080 1673 1143 1720 U.
1178 1674 1232 1720 C.
1268 1675 1502 1721 DCCXVI.

202 1740 487 1794 Adolescens,
555 1748 673 1786 teste
715 1738 897 1787 Velleio
940 1739 1187 1787 Paterculo
1235 1740 1300 1786 II.
1329 1744 1403 1792 97.
1443 1747 1507 1785 lot

204 1811 534 1865 {aularumque
578 1806 805 1851 virtutum
851 1812 959 1866 quot
1004 1813 1050 1850 et
1096 1813 1294 1865 quantas
1337 1813 1508 1851 natura

201 1871 409 1915 mortalis
433 1872 614 1929 recipit,
652 1871 722 1915 rel
752 1870 988 1916 industria
1020 1871 1239 1929 percipis.
1307 1869 1506 1925 Praetor,

199 1933 363 1989 aedilis,
402 1936 579 1989 consul,
619 1934 891 1981 Germaniae
927 1936 1143 1989 domitor,
1169 1944 1214 1981 et
1231 1934 1505 1980 Germanici

201 2014 465 2059 cognomen
509 2000 704 2060 posteris
756 2000 968 2061 adeptus,
1037 2000 1154 2046 obiit
1198 2017 1321 2045 anno
1363 2010 1413 2045 U.
1458 2011 1505 2046 C.

204 2073 438 2173 IIZZCXLV.
475 2063 614 2110 Stem.
633 2064 755 2111 Caes.
782 2063 921 2111 Tom.
945 2064 983 2110 I.
1010 2081 1118 2126 pag.
1141 2063 1247 2116 476.
1274 2081 1402 2111 num.
1430 2069 1505 2117 79.

266 2259 318 2284 283
360 2258 649 2305 Chaucorum
664 2257 812 2319 gens]
851 2256 1032 2303 Chauci
1050 2257 1107 2303 ab
1124 2256 1323 2311 Amisia,
1345 2256 1509 2310 l'Ems,

203 2324 259 2369 ad
285 2324 465 2377 Albim,
516 2323 684 2378 l'Elbe,
733 2323 854 2368 litori
894 2321 1033 2367 maris
1070 2322 1508 2382 praetendebantur:

202 2388 326 2433 unde
374 2389 602 2442 omnium,
661 2388 718 2433 de
775 2387 945 2449 quibus
995 2386 1136 2432 modo
1191 2387 1371 2432 dictum
1426 2394 1510 2440 est,

205 2454 416 2511 gentium
456 2454 677 2499 lateribus
716 2451 1108 2505 obtendebantur,
1159 2467 1274 2512 quas
1312 2452 1431 2496 inter
1467 2460 1514 2496 et

203 2517 489 2564 Cheruscos·
519 2519 823 2564 sinuabantur
872 2532 1019 2577 usque
1064 2515 1113 2560 in
1157 2514 1334 2561 Cattos.
1405 2514 1512 2560 Dis-

205 2583 541 2644 tingnebantur
559 2582 741 2628 Chauci
758 2582 847 2643 maj
856 2598 955 2628 ores
971 2589 1016 2626 et
1032 2581 1251 2626 minores.
1302 2578 1514 2641 RIajores
