<?xml version="1.0" encoding="UTF-8"?>
<!DOCTYPE html PUBLIC "-//W3C//DTD XHTML 1.0 Transitional//EN"
    "http://www.w3.org/TR/xhtml1/DTD/xhtml1-transitional.dtd">
<html xmlns="http://www.w3.org/1999/xhtml" xml:lang="en" lang="en">
 <head>
  <title>
</title>
<meta http-equiv="Content-Type" content="text/html;charset=utf-8" />
  <meta name='ocr-system' content='tesseract 3.04.00' />
  <meta name='ocr-capabilities' content='ocr_page ocr_carea ocr_par ocr_line ocrx_word'/>
</head>
<body>
  <div class='ocr_page' id='page_1' title='image "./demoribusgermano00taciuoft_0062.png"; bbox 0 0 1668 3053; ppageno 0'>
   <div class='ocr_carea' id='block_1_1' title="bbox 248 183 1171 235">
    <p class='ocr_par' dir='ltr' id='par_1_1' title="bbox 248 183 1171 235">
     <span class='ocr_line' id='line_1_1' title="bbox 248 183 1171 235; baseline 0.008 -7"><span class='ocrx_word' id='word_1_1' title='bbox 248 183 305 228; x_wconf 79' lang='grc'>48</span> <span class='ocrx_word' id='word_1_2' title='bbox 626 196 671 232; x_wconf 85' lang='lat' dir='ltr'>C.</span> <span class='ocrx_word' id='word_1_3' title='bbox 700 197 954 234; x_wconf 79' lang='lat' dir='ltr'>CORNELII</span> <span class='ocrx_word' id='word_1_4' title='bbox 982 199 1171 235; x_wconf 70' lang='lat' dir='ltr'>TACi&#39;ri</span> 
     </span>
    </p>
   </div>
   <div class='ocr_carea' id='block_1_2' title="bbox 240 293 1570 922">
    <p class='ocr_par' dir='ltr' id='par_1_2' title="bbox 240 293 1570 922">
     <span class='ocr_line' id='line_1_2' title="bbox 242 293 1555 358; baseline 0.005 -20"><span class='ocrx_word' id='word_1_5' title='bbox 242 293 290 339; x_wconf 83' lang='lat' dir='ltr'>id</span> <span class='ocrx_word' id='word_1_6' title='bbox 340 293 472 341; x_wconf 80' lang='lat' dir='ltr'>divus</span> <span class='ocrx_word' id='word_1_7' title='bbox 515 295 761 358; x_wconf 77' lang='lat' dir='ltr'>Augustus</span> <span class='ocrx_word' id='word_1_8' title='bbox 808 300 1024 353; x_wconf 82' lang='lat' dir='ltr'>vocabat,</span> <span class='ocrx_word' id='word_1_9' title='bbox 1090 296 1310 343; x_wconf 86' lang='lat' dir='ltr'>Tiberius</span> <span class='ocrx_word' id='word_1_10' title='bbox 1365 303 1398 324; x_wconf 86' lang='lat'><strong><em>“</em></strong></span> <span class='ocrx_word' id='word_1_11' title='bbox 1432 312 1555 358; x_wconf 80' lang='lat' dir='ltr'>prae-</span> 
     </span>
     <span class='ocr_line' id='line_1_3' title="bbox 240 376 1556 438; baseline 0.005 -20"><span class='ocrx_word' id='word_1_12' title='bbox 240 376 487 435; x_wconf 79' lang='lat' dir='ltr'>ceptum.&#39;&#39;</span> <span class='ocrx_word' id='word_1_13' title='bbox 543 376 765 438; x_wconf 76' lang='lat' dir='ltr'><strong>Agitasse</strong></span> <span class='ocrx_word' id='word_1_14' title='bbox 780 378 949 425; x_wconf 85' lang='lat' dir='ltr'>Caium</span> <span class='ocrx_word' id='word_1_15' title='bbox 966 378 1238 424; x_wconf 77' lang='lat' dir='ltr'>Caesarem⁹⁷</span> <span class='ocrx_word' id='word_1_16' title='bbox 1261 377 1319 423; x_wconf 89' lang='lat' dir='ltr'>de</span> <span class='ocrx_word' id='word_1_17' title='bbox 1336 378 1556 424; x_wconf 61' lang='lat' dir='ltr'>intranda</span> 
     </span>
     <span class='ocr_line' id='line_1_4' title="bbox 240 451 1556 518; baseline 0.003 -19"><span class='ocrx_word' id='word_1_18' title='bbox 240 451 481 500; x_wconf 70' lang='lat' dir='ltr'>Britannia</span> <span class='ocrx_word' id='word_1_19' title='bbox 507 457 615 502; x_wconf 83' lang='lat' dir='ltr'>satis</span> <span class='ocrx_word' id='word_1_20' title='bbox 634 466 833 512; x_wconf 84' lang='lat' dir='ltr'>constat,</span> <span class='ocrx_word' id='word_1_21' title='bbox 871 459 917 504; x_wconf 90' lang='lat' dir='ltr'>ni</span> <span class='ocrx_word' id='word_1_22' title='bbox 953 459 1090 504; x_wconf 79' lang='lat' dir='ltr'>velox</span> <span class='ocrx_word' id='word_1_23' title='bbox 1122 458 1331 518; x_wconf 83' lang='lat' dir='ltr'>ingenio,</span> <span class='ocrx_word' id='word_1_24' title='bbox 1367 458 1556 504; x_wconf 87' lang='lat' dir='ltr'>mobilis</span> 
     </span>
     <span class='ocr_line' id='line_1_5' title="bbox 242 536 1561 600; baseline 0.003 -19"><span class='ocrx_word' id='word_1_25' title='bbox 242 536 535 596; x_wconf 54' lang='lat' dir='ltr'>paenitentia,</span> <span class='ocrx_word' id='word_1_26' title='bbox 568 547 615 583; x_wconf 89' lang='lat' dir='ltr'>et</span> <span class='ocrx_word' id='word_1_27' title='bbox 644 539 859 600; x_wconf 75' lang='lat' dir='ltr'>ingentes</span> <span class='ocrx_word' id='word_1_28' title='bbox 897 540 1115 585; x_wconf 76' lang='lat' dir='ltr'>adversus</span> <span class='ocrx_word' id='word_1_29' title='bbox 1151 538 1456 584; x_wconf 75' lang='lat' dir='ltr'>Germaniam</span> <span class='ocrx_word' id='word_1_30' title='bbox 1480 553 1561 585; x_wconf 86' lang='lat' dir='ltr'>co-</span> 
     </span>
     <span class='ocr_line' id='line_1_6' title="bbox 245 611 1565 665; baseline 0.002 -4"><span class='ocrx_word' id='word_1_31' title='bbox 245 619 417 663; x_wconf 56' lang='lat' dir='ltr'>natusffl</span> <span class='ocrx_word' id='word_1_32' title='bbox 461 618 626 664; x_wconf 82' lang='lat' dir='ltr'>frustra</span> <span class='ocrx_word' id='word_1_33' title='bbox 660 618 868 665; x_wconf 87' lang='lat' dir='ltr'>fuissent.</span> <span class='ocrx_word' id='word_1_34' title='bbox 939 619 1090 665; x_wconf 81' lang='lat' dir='ltr'>Divus</span> <span class='ocrx_word' id='word_1_35' title='bbox 1127 618 1354 664; x_wconf 82' lang='lat' dir='ltr'>Claudius</span> <span class='ocrx_word' id='word_1_36' title='bbox 1395 611 1565 664; x_wconf 83' lang='lat' dir='ltr'>auctor</span> 
     </span>
     <span class='ocr_line' id='line_1_7' title="bbox 243 698 1564 763; baseline 0.002 -19"><span class='ocrx_word' id='word_1_37' title='bbox 243 698 453 760; x_wconf 79' lang='lat' dir='ltr'>operis,⁹⁹</span> <span class='ocrx_word' id='word_1_38' title='bbox 500 702 773 747; x_wconf 81' lang='lat' dir='ltr'>transvectis</span> <span class='ocrx_word' id='word_1_39' title='bbox 817 701 1080 763; x_wconf 78' lang='lat' dir='ltr'>legionibus</span> <span class='ocrx_word' id='word_1_40' title='bbox 1149 700 1445 760; x_wconf 76' lang='lat' dir='ltr'>auxiliisque,</span> <span class='ocrx_word' id='word_1_41' title='bbox 1514 707 1564 746; x_wconf 78' lang='lat' dir='ltr'>et</span> 
     </span>
     <span class='ocr_line' id='line_1_8' title="bbox 245 780 1562 842; baseline 0.002 -17"><span class='ocrx_word' id='word_1_42' title='bbox 245 781 497 842; x_wconf 78' lang='lat' dir='ltr'>adsumpto</span> <span class='ocrx_word' id='word_1_43' title='bbox 523 781 569 826; x_wconf 90' lang='lat' dir='ltr'>in</span> <span class='ocrx_word' id='word_1_44' title='bbox 603 789 786 842; x_wconf 75' lang='lat' dir='ltr'>partem</span> <span class='ocrx_word' id='word_1_45' title='bbox 809 797 963 828; x_wconf 84' lang='lat' dir='ltr'>rerum</span> <span class='ocrx_word' id='word_1_46' title='bbox 999 780 1376 842; x_wconf 72' lang='lat' dir='ltr'>Vespasianoz¹⁰⁰</span> <span class='ocrx_word' id='word_1_47' title='bbox 1432 782 1562 841; x_wconf 84' lang='lat' dir='ltr'>quod</span> 
     </span>
     <span class='ocr_line' id='line_1_9' title="bbox 241 860 1570 922; baseline -0.001 -15"><span class='ocrx_word' id='word_1_48' title='bbox 241 860 428 908; x_wconf 75' lang='lat' dir='ltr'>initium</span> <span class='ocrx_word' id='word_1_49' title='bbox 443 870 652 921; x_wconf 65' lang='lat' dir='ltr'>igenturae</span> <span class='ocrx_word' id='word_1_50' title='bbox 668 878 780 907; x_wconf 82' lang='lat' dir='ltr'>mox</span> <span class='ocrx_word' id='word_1_51' title='bbox 797 862 997 908; x_wconf 84' lang='lat' dir='ltr'>fortunae</span> <span class='ocrx_word' id='word_1_52' title='bbox 1015 862 1124 908; x_wconf 83' lang='lat' dir='ltr'>fuit:</span> <span class='ocrx_word' id='word_1_53' title='bbox 1169 862 1363 907; x_wconf 66' lang='lat' dir='ltr'>domitae</span> <span class='ocrx_word' id='word_1_54' title='bbox 1379 868 1570 922; x_wconf 76' lang='lat' dir='ltr'>gentes,</span> 
     </span>
    </p>
   </div>
   <div class='ocr_carea' id='block_1_3' title="bbox 246 941 1415 1004">
    <p class='ocr_par' dir='ltr' id='par_1_3' title="bbox 246 941 1415 1004">
     <span class='ocr_line' id='line_1_10' title="bbox 246 941 1415 1004; baseline -0.001 -16"><span class='ocrx_word' id='word_1_55' title='bbox 246 943 374 1004; x_wconf 79' lang='lat' dir='ltr'>capti</span> <span class='ocrx_word' id='word_1_56' title='bbox 397 957 545 1004; x_wconf 81' lang='lat' dir='ltr'>regeS,</span> <span class='ocrx_word' id='word_1_57' title='bbox 582 950 630 988; x_wconf 85' lang='lat' dir='ltr'>et</span> <span class='ocrx_word' id='word_1_58' title='bbox 651 952 934 990; x_wconf 86' lang='lat' dir='ltr'>monstratus</span> <span class='ocrx_word' id='word_1_59' title='bbox 957 943 1061 989; x_wconf 84' lang='lat' dir='ltr'>fatis</span> <span class='ocrx_word' id='word_1_60' title='bbox 1082 941 1415 1004; x_wconf 70' lang='lat' dir='ltr'>Vespasianus.</span> 
     </span>
    </p>
   </div>
   <div class='ocr_carea' id='block_1_4' title="bbox 243 1103 1567 2461">
    <p class='ocr_par' dir='ltr' id='par_1_4' title="bbox 243 1103 1567 2461">
     <span class='ocr_line' id='line_1_11' title="bbox 308 1103 1559 1166; baseline -0.001 -15"><span class='ocrx_word' id='word_1_61' title='bbox 308 1103 451 1151; x_wconf 85' lang='lat' dir='ltr'>XIV.</span> <span class='ocrx_word' id='word_1_62' title='bbox 489 1103 820 1151; x_wconf 81' lang='lat' dir='ltr'>Consularium</span> <span class='ocrx_word' id='word_1_63' title='bbox 863 1104 1042 1166; x_wconf 86' lang='lat' dir='ltr'>primus</span> <span class='ocrx_word' id='word_1_64' title='bbox 1093 1104 1246 1150; x_wconf 81' lang='lat' dir='ltr'>Aulus</span> <span class='ocrx_word' id='word_1_65' title='bbox 1294 1103 1559 1150; x_wconf 85' lang='lat' dir='ltr'>Plautius¹⁰¹</span> 
     </span>
     <span class='ocr_line' id='line_1_12' title="bbox 246 1184 1560 1248; baseline 0 -17"><span class='ocrx_word' id='word_1_66' title='bbox 246 1187 545 1248; x_wconf 64' lang='lat' dir='ltr'>praepositus,</span> <span class='ocrx_word' id='word_1_67' title='bbox 585 1201 641 1231; x_wconf 81' lang='lat' dir='ltr'>ao</span> <span class='ocrx_word' id='word_1_68' title='bbox 667 1186 865 1232; x_wconf 80' lang='lat' dir='ltr'>subinde</span> <span class='ocrx_word' id='word_1_69' title='bbox 890 1184 1106 1232; x_wconf 82' lang='lat' dir='ltr'>Ostorius</span> <span class='ocrx_word' id='word_1_70' title='bbox 1127 1185 1402 1247; x_wconf 75' lang='lat' dir='ltr'>Scapula,¹⁰²</span> <span class='ocrx_word' id='word_1_71' title='bbox 1435 1193 1560 1231; x_wconf 87' lang='lat' dir='ltr'>uter-</span> 
     </span>
     <span class='ocr_line' id='line_1_13' title="bbox 246 1267 1564 1330; baseline -0.002 -16"><span class='ocrx_word' id='word_1_72' title='bbox 246 1284 339 1330; x_wconf 74' lang='lat' dir='ltr'>que</span> <span class='ocrx_word' id='word_1_73' title='bbox 354 1268 476 1314; x_wconf 89' lang='lat' dir='ltr'>bello</span> <span class='ocrx_word' id='word_1_74' title='bbox 491 1268 730 1330; x_wconf 82' lang='lat' dir='ltr'>egregius:</span> <span class='ocrx_word' id='word_1_75' title='bbox 751 1268 1038 1328; x_wconf 81' lang='lat' dir='ltr'>redactaque</span> <span class='ocrx_word' id='word_1_76' title='bbox 1048 1268 1291 1328; x_wconf 80' lang='lat' dir='ltr'>paullatim</span> <span class='ocrx_word' id='word_1_77' title='bbox 1302 1267 1349 1312; x_wconf 91' lang='lat' dir='ltr'>in</span> <span class='ocrx_word' id='word_1_78' title='bbox 1365 1267 1564 1313; x_wconf 79' lang='lat' dir='ltr'>formam</span> 
     </span>
     <span class='ocr_line' id='line_1_14' title="bbox 244 1347 1565 1410; baseline -0.001 -15"><span class='ocrx_word' id='word_1_79' title='bbox 244 1349 504 1410; x_wconf 69' lang='lat' dir='ltr'>provinciae</span> <span class='ocrx_word' id='word_1_80' title='bbox 523 1349 742 1410; x_wconf 79' lang='lat' dir='ltr'>proxima</span> <span class='ocrx_word' id='word_1_81' title='bbox 758 1365 865 1409; x_wconf 86' lang='lat' dir='ltr'>pars</span> <span class='ocrx_word' id='word_1_82' title='bbox 890 1347 1173 1394; x_wconf 82' lang='lat' dir='ltr'>Britanniae:</span> <span class='ocrx_word' id='word_1_83' title='bbox 1200 1348 1359 1394; x_wconf 82' lang='lat' dir='ltr'>addita</span> <span class='ocrx_word' id='word_1_84' title='bbox 1373 1349 1565 1409; x_wconf 81' lang='lat' dir='ltr'>insuper</span> 
     </span>
     <span class='ocr_line' id='line_1_15' title="bbox 244 1427 1563 1489; baseline -0.002 -15"><span class='ocrx_word' id='word_1_85' title='bbox 244 1439 571 1476; x_wconf 70' lang='lat' dir='ltr'>veteranorum</span> <span class='ocrx_word' id='word_1_86' title='bbox 611 1429 879 1475; x_wconf 77' lang='lat' dir='ltr'>coloniaz¹⁰³</span> <span class='ocrx_word' id='word_1_87' title='bbox 915 1427 1139 1489; x_wconf 81' lang='lat' dir='ltr'>quaedam</span> <span class='ocrx_word' id='word_1_88' title='bbox 1173 1428 1385 1474; x_wconf 84' lang='lat' dir='ltr'>civitates</span> <span class='ocrx_word' id='word_1_89' title='bbox 1417 1427 1563 1489; x_wconf 84' lang='lat' dir='ltr'>Cogi-</span> 
     </span>
     <span class='ocr_line' id='line_1_16' title="bbox 244 1510 1564 1572; baseline 0 -16"><span class='ocrx_word' id='word_1_90' title='bbox 244 1511 374 1556; x_wconf 73' lang='lat' dir='ltr'>(luno</span> <span class='ocrx_word' id='word_1_91' title='bbox 390 1511 490 1572; x_wconf 80' lang='lat' dir='ltr'>regi</span> <span class='ocrx_word' id='word_1_92' title='bbox 515 1511 705 1556; x_wconf 82' lang='lat' dir='ltr'>donatae</span> <span class='ocrx_word' id='word_1_93' title='bbox 733 1511 790 1570; x_wconf 81' lang='lat' dir='ltr'>(is</span> <span class='ocrx_word' id='word_1_94' title='bbox 813 1510 873 1555; x_wconf 83' lang='lat' dir='ltr'>ad</span> <span class='ocrx_word' id='word_1_95' title='bbox 890 1518 1097 1556; x_wconf 85' lang='lat' dir='ltr'>nostram</span> <span class='ocrx_word' id='word_1_96' title='bbox 1116 1527 1265 1572; x_wconf 87' lang='lat' dir='ltr'>usque</span> <span class='ocrx_word' id='word_1_97' title='bbox 1287 1511 1564 1556; x_wconf 84' lang='lat' dir='ltr'>memoriam</span> 
     </span>
     <span class='ocr_line' id='line_1_17' title="bbox 244 1589 1564 1652; baseline -0.002 -15"><span class='ocrx_word' id='word_1_98' title='bbox 244 1591 498 1638; x_wconf 85' lang='lat' dir='ltr'>fidissimus</span> <span class='ocrx_word' id='word_1_99' title='bbox 519 1592 711 1650; x_wconf 87' lang='lat' dir='ltr'>mansit)</span> <span class='ocrx_word' id='word_1_100' title='bbox 749 1600 905 1637; x_wconf 84' lang='lat' dir='ltr'>vetere</span> <span class='ocrx_word' id='word_1_101' title='bbox 942 1607 997 1636; x_wconf 85' lang='lat' dir='ltr'>ac</span> <span class='ocrx_word' id='word_1_102' title='bbox 1026 1592 1130 1652; x_wconf 85' lang='lat' dir='ltr'>jam</span> <span class='ocrx_word' id='word_1_103' title='bbox 1158 1591 1342 1652; x_wconf 80' lang='lat' dir='ltr'>pridem</span> <span class='ocrx_word' id='word_1_104' title='bbox 1372 1589 1564 1652; x_wconf 63' lang='lat' dir='ltr'>recepta</span> 
     </span>
     <span class='ocr_line' id='line_1_18' title="bbox 243 1671 1564 1735; baseline -0.002 -17"><span class='ocrx_word' id='word_1_105' title='bbox 243 1673 409 1735; x_wconf 85' lang='lat' dir='ltr'>populi</span> <span class='ocrx_word' id='word_1_106' title='bbox 440 1671 639 1718; x_wconf 86' lang='lat' dir='ltr'>Romani</span> <span class='ocrx_word' id='word_1_107' title='bbox 680 1672 1037 1725; x_wconf 85' lang='lat' dir='ltr'>consuetudine,</span> <span class='ocrx_word' id='word_1_108' title='bbox 1073 1679 1126 1716; x_wconf 90' lang='lat' dir='ltr'>ut</span> <span class='ocrx_word' id='word_1_109' title='bbox 1162 1673 1358 1718; x_wconf 85' lang='lat' dir='ltr'>haberet</span> <span class='ocrx_word' id='word_1_110' title='bbox 1395 1672 1564 1718; x_wconf 89' lang='lat' dir='ltr'>instru-</span> 
     </span>
     <span class='ocr_line' id='line_1_19' title="bbox 245 1752 1565 1815; baseline -0.001 -16"><span class='ocrx_word' id='word_1_111' title='bbox 245 1764 408 1800; x_wconf 85' lang='lat' dir='ltr'>menta</span> <span class='ocrx_word' id='word_1_112' title='bbox 422 1754 653 1801; x_wconf 71' lang='lat' dir='ltr'>servitutis</span> <span class='ocrx_word' id='word_1_113' title='bbox 669 1761 716 1799; x_wconf 90' lang='lat' dir='ltr'>et</span> <span class='ocrx_word' id='word_1_114' title='bbox 734 1755 941 1815; x_wconf 67' lang='lat' dir='ltr'>reges.¹⁰4</span> <span class='ocrx_word' id='word_1_115' title='bbox 1006 1752 1131 1799; x_wconf 73' lang='grc' dir='ltr'>ΜΟΧ</span> <span class='ocrx_word' id='word_1_116' title='bbox 1148 1752 1320 1799; x_wconf 84' lang='lat' dir='ltr'>Didius</span> <span class='ocrx_word' id='word_1_117' title='bbox 1345 1752 1565 1799; x_wconf 79' lang='lat' dir='ltr'>Gallus¹⁰⁵</span> 
     </span>
     <span class='ocr_line' id='line_1_20' title="bbox 246 1833 1565 1896; baseline -0.001 -17"><span class='ocrx_word' id='word_1_118' title='bbox 246 1842 381 1896; x_wconf 84' lang='lat' dir='ltr'>parta</span> <span class='ocrx_word' id='word_1_119' title='bbox 432 1843 458 1880; x_wconf 81' lang='lat' dir='ltr'>a</span> <span class='ocrx_word' id='word_1_120' title='bbox 502 1833 736 1895; x_wconf 78' lang='lat' dir='ltr'>prioribus</span> <span class='ocrx_word' id='word_1_121' title='bbox 784 1833 1037 1886; x_wconf 80' lang='lat' dir='ltr'>continuit,</span> <span class='ocrx_word' id='word_1_122' title='bbox 1093 1833 1260 1893; x_wconf 79' lang='lat' dir='ltr'>paucis</span> <span class='ocrx_word' id='word_1_123' title='bbox 1309 1833 1565 1879; x_wconf 85' lang='lat' dir='ltr'>admodum</span> 
     </span>
     <span class='ocr_line' id='line_1_21' title="bbox 248 1913 1564 1975; baseline 0 -15"><span class='ocrx_word' id='word_1_124' title='bbox 248 1915 449 1960; x_wconf 71' lang='lat' dir='ltr'>castellis</span> <span class='ocrx_word' id='word_1_125' title='bbox 473 1915 521 1959; x_wconf 88' lang='lat' dir='ltr'>in</span> <span class='ocrx_word' id='word_1_126' title='bbox 542 1914 763 1960; x_wconf 77' lang='lat' dir='ltr'>ulteriora</span> <span class='ocrx_word' id='word_1_127' title='bbox 784 1914 1028 1974; x_wconf 88' lang='lat' dir='ltr'>promotis,</span> <span class='ocrx_word' id='word_1_128' title='bbox 1063 1929 1148 1974; x_wconf 90' lang='lat' dir='ltr'>per</span> <span class='ocrx_word' id='word_1_129' title='bbox 1166 1930 1276 1975; x_wconf 78' lang='lat' dir='ltr'>quae</span> <span class='ocrx_word' id='word_1_130' title='bbox 1296 1913 1420 1959; x_wconf 82' lang='lat' dir='ltr'>sama</span> <span class='ocrx_word' id='word_1_131' title='bbox 1436 1915 1564 1960; x_wconf 85' lang='lat' dir='ltr'>aucti</span> 
     </span>
     <span class='ocr_line' id='line_1_22' title="bbox 248 1993 1562 2057; baseline 0 -16"><span class='ocrx_word' id='word_1_132' title='bbox 248 1996 397 2041; x_wconf 76' lang='lat' dir='ltr'>officii</span> <span class='ocrx_word' id='word_1_133' title='bbox 430 2003 736 2057; x_wconf 79' lang='lat' dir='ltr'>quaereretur.</span> <span class='ocrx_word' id='word_1_134' title='bbox 806 1993 1007 2040; x_wconf 84' lang='lat' dir='ltr'>Didium</span> <span class='ocrx_word' id='word_1_135' title='bbox 1040 1993 1330 2041; x_wconf 74' lang='lat' dir='ltr'>Veranius¹⁰⁶</span> <span class='ocrx_word' id='word_1_136' title='bbox 1355 1996 1562 2057; x_wconf 77' lang='lat' dir='ltr'>excepit,</span> 
     </span>
     <span class='ocr_line' id='line_1_23' title="bbox 247 2075 1564 2139; baseline 0.001 -17"><span class='ocrx_word' id='word_1_137' title='bbox 247 2078 382 2139; x_wconf 84' lang='lat' dir='ltr'>isque</span> <span class='ocrx_word' id='word_1_138' title='bbox 404 2078 527 2124; x_wconf 82' lang='lat' dir='ltr'>intra</span> <span class='ocrx_word' id='word_1_139' title='bbox 550 2093 727 2123; x_wconf 83' lang='lat' dir='ltr'>annum</span> <span class='ocrx_word' id='word_1_140' title='bbox 751 2078 1011 2122; x_wconf 78' lang='lat' dir='ltr'>exstinctus</span> <span class='ocrx_word' id='word_1_141' title='bbox 1035 2085 1117 2124; x_wconf 86' lang='lat' dir='ltr'>est.</span> <span class='ocrx_word' id='word_1_142' title='bbox 1187 2075 1434 2123; x_wconf 73' lang='lat' dir='ltr'>Suetonius</span> <span class='ocrx_word' id='word_1_143' title='bbox 1451 2078 1564 2123; x_wconf 84' lang='lat' dir='ltr'>hinc</span> 
     </span>
     <span class='ocr_line' id='line_1_24' title="bbox 247 2155 1565 2218; baseline -0.001 -14"><span class='ocrx_word' id='word_1_144' title='bbox 247 2155 545 2204; x_wconf 72' lang='lat' dir='ltr'>Paullinus¹⁰⁷</span> <span class='ocrx_word' id='word_1_145' title='bbox 563 2158 756 2203; x_wconf 85' lang='lat' dir='ltr'>biennio</span> <span class='ocrx_word' id='word_1_146' title='bbox 774 2172 1019 2218; x_wconf 83' lang='lat' dir='ltr'>prosperas</span> <span class='ocrx_word' id='word_1_147' title='bbox 1044 2173 1114 2202; x_wconf 88' lang='lat' dir='ltr'>res</span> <span class='ocrx_word' id='word_1_148' title='bbox 1138 2157 1320 2211; x_wconf 76' lang='lat' dir='ltr'>habuit,</span> <span class='ocrx_word' id='word_1_149' title='bbox 1358 2158 1565 2204; x_wconf 86' lang='lat' dir='ltr'>subactis</span> 
     </span>
     <span class='ocr_line' id='line_1_25' title="bbox 247 2237 1567 2298; baseline 0 -16"><span class='ocrx_word' id='word_1_150' title='bbox 247 2239 536 2292; x_wconf 85' lang='lat' dir='ltr'>nationibus,</span> <span class='ocrx_word' id='word_1_151' title='bbox 571 2237 861 2298; x_wconf 83' lang='lat' dir='ltr'>firmatisque</span> <span class='ocrx_word' id='word_1_152' title='bbox 876 2237 1134 2298; x_wconf 78' lang='lat' dir='ltr'>praesidiis:</span> <span class='ocrx_word' id='word_1_153' title='bbox 1169 2253 1371 2298; x_wconf 88' lang='lat' dir='ltr'>quorum</span> <span class='ocrx_word' id='word_1_154' title='bbox 1386 2237 1567 2283; x_wconf 67' lang='lat' dir='ltr'>fiducia</span> 
     </span>
     <span class='ocr_line' id='line_1_26' title="bbox 247 2315 1563 2373; baseline -0.001 -10"><span class='ocrx_word' id='word_1_155' title='bbox 247 2315 454 2364; x_wconf 54' lang='lat' dir='ltr'>Blonam</span> <span class='ocrx_word' id='word_1_156' title='bbox 484 2318 757 2373; x_wconf 73' lang='lat' dir='ltr'>insulam,108</span> <span class='ocrx_word' id='word_1_157' title='bbox 794 2327 845 2365; x_wconf 93' lang='lat' dir='ltr'>ut</span> <span class='ocrx_word' id='word_1_158' title='bbox 874 2318 992 2363; x_wconf 87' lang='lat' dir='ltr'>vires</span> <span class='ocrx_word' id='word_1_159' title='bbox 1021 2318 1270 2363; x_wconf 82' lang='lat' dir='ltr'>rebellibus</span> <span class='ocrx_word' id='word_1_160' title='bbox 1296 2317 1563 2366; x_wconf 82' lang='lat' dir='ltr'>ministran-</span> 
     </span>
     <span class='ocr_line' id='line_1_27' title="bbox 247 2398 1404 2461; baseline -0.001 -16"><span class='ocrx_word' id='word_1_161' title='bbox 247 2406 361 2454; x_wconf 83' lang='lat' dir='ltr'>tem,</span> <span class='ocrx_word' id='word_1_162' title='bbox 399 2399 658 2461; x_wconf 80' lang='lat' dir='ltr'>adgressus,</span> <span class='ocrx_word' id='word_1_163' title='bbox 694 2408 827 2461; x_wconf 82' lang='lat' dir='ltr'>terga</span> <span class='ocrx_word' id='word_1_164' title='bbox 843 2398 1081 2445; x_wconf 86' lang='lat' dir='ltr'>occasioni</span> <span class='ocrx_word' id='word_1_165' title='bbox 1106 2399 1404 2460; x_wconf 84' lang='lat' dir='ltr'>patefecit.¹⁰⁹</span> 
     </span>
    </p>
   </div>
   <div class='ocr_carea' id='block_1_5' title="bbox 311 2560 1561 2624">
    <p class='ocr_par' dir='ltr' id='par_1_5' title="bbox 311 2560 1561 2624">
     <span class='ocr_line' id='line_1_28' title="bbox 311 2560 1561 2624; baseline -0.005 -12"><span class='ocrx_word' id='word_1_166' title='bbox 311 2561 424 2612; x_wconf 82' lang='lat' dir='ltr'>XV.</span> <span class='ocrx_word' id='word_1_167' title='bbox 461 2561 683 2624; x_wconf 78' lang='lat' dir='ltr'>Namque</span> <span class='ocrx_word' id='word_1_168' title='bbox 732 2560 944 2609; x_wconf 66' lang='lat' dir='ltr'>absentia</span> <span class='ocrx_word' id='word_1_169' title='bbox 993 2561 1137 2624; x_wconf 81' lang='lat' dir='ltr'>legati</span> <span class='ocrx_word' id='word_1_170' title='bbox 1183 2570 1363 2609; x_wconf 87' lang='lat' dir='ltr'>remoto</span> <span class='ocrx_word' id='word_1_171' title='bbox 1414 2569 1561 2615; x_wconf 84' lang='lat' dir='ltr'>metu,</span> 
     </span>
    </p>
   </div>
  </div>
 </body>
</html>
