1668 3053
262 205 335 242 AD
371 204 474 241 Lm.
501 203 574 241 DE
611 205 852 244 MORIBUS
890 208 1296 245 GERMANORUM.
1357 201 1445 249 195

173 308 230 334 ³⁸⁸
265 307 632 368 Soliomnizcm]
669 306 815 356 Nunc
846 313 953 357 vero
985 320 1032 357 et
1068 311 1145 357 alii
1159 311 1407 384 aliisque
1395 327 1446 356 in

111 373 246 420 terris
269 374 519 419 succinum
542 374 730 435 legunt:
784 377 861 422 sed
902 392 1089 438 semper
1126 377 1194 423 vis
1234 377 1449 422 maxima

109 446 159 484 et
181 438 363 501 optima
386 439 436 484 in
459 437 725 486 AEstiorum
753 440 985 488 lit01ibus.

171 573 226 599 ³⁸⁹
261 570 550 634 Succinum]
591 570 737 621 Quod
759 571 946 620 Gallice
971 573 1190 628 dicimus,
1229 574 1445 621 l’Ambre

99 653 263 696 jaune.

171 767 227 793 ³⁹⁰
263 766 494 831 Glevum]
521 766 596 813 Sic
615 768 772 814 adhuc
787 768 980 823 vitrum,
1003 769 1131 831 quod
1148 769 1445 830 pellucidum

110 833 185 885 sit,
223 849 251 878 a
287 831 540 880 Germanis
570 833 687 879 Gla<
724 834 1004 894 appellatur.
1077 832 1259 880 Plinius
1284 844 1446 897 autem

107 896 421 945 XXXVIII
447 903 492 944 3.
571 898 766 944 Certum
805 906 875 943 e3t
916 899 1168 946 succinum
1213 916 1347 963 ozrm
1398 919 1445 947 m

108 964 273 1009 msulzs
317 961 719 1024 Septemtrwzonalzs
771 963 964 1018 Oceani,
1024 972 1071 1010 et
1119 981 1147 1010 a
1193 938 1449 1013 Germana

109 1029 346 1088 appellari
396 1030 626 1092 glessum:
700 1031 861 1089 itaque
919 1037 967 1075 et
1013 1046 1041 1076 α
1090 1032 1258 1076 nolezS
1306 1049 1446 1079 unam

108 1095 366 1140 insularum
411 1096 464 1141 ob
498 1095 548 1141 id
575 1094 865 1142 Glessarz‘am
891 1096 1199 1155 appellatam,
1242 1096 1446 1144 Germa-

106 1161 207 1207 nico
231 1158 416 1207 Caesare
436 1161 501 1206 ibi
518 1161 740 1207 classibus
764 1177 860 1206 rem
884 1170 1095 1223 gerente,
1134 1165 1446 1210 Austraviam

108 1242 137 1271 α
158 1227 375 1272 barbaris
398 1227 586 1273 de'ctam.
660 1226 732 1273 Ibi
756 1227 908 1272 multa
933 1226 992 1273 de
1016 1226 1237 1274 Succino.
1312 1227 1444 1277 Quae

105 1292 244 1345 inter,
292 1301 523 1338 memorat
557 1290 739 1338 Plinius
774 1293 1041 1338 maximum
1065 1293 1256 1355 pondus
1282 1293 1442 1354 glebae

103 1357 305 1412 succini,
365 1355 558 1404 Nerone
594 1356 821 1418 Principe
861 1358 1073 1414 allatum,
1124 1358 1265 1405 fuisse
1285 1359 1449 1407 XIII

106 1423 352 1470 librarum.

169 1557 222 1584 ³⁹¹
257 1555 501 1620 Iacebat]
541 1556 681 1603 Adeo
703 1558 811 1612 vile,
847 1565 902 1604 ut
927 1555 1185 1611 Guttones,
1224 1559 1306 1620 qui
1329 1558 1444 1605 illud

106 1623 382 1669 aestuarium
407 1623 520 1669 olim
544 1623 838 1678 incolebant,
891 1635 956 1681 pr
960 1639 984 1667 0
1029 1623 1152 1685 ligno
1190 1628 1252 1669 ad
1291 1642 1442 1687 zgnem

101 1696 347 1734 uterentur
357 1703 573 1742 succino
563 1701 649 1799 Θήρ]
651 1690 906 1750 0.zz''mz3que
924 1687 1148 1735 Teutonis
1164 1706 1191 1735 x
1194 1690 1439 1747 enderent,

104 1751 226 1799 Plin.
247 1752 526 1800 XXXVII

168 1884 224 1910 ³⁹²
257 1885 480 1931 Luxuria
505 1883 706 1946 nostra]
749 1883 870 1931 Inde
893 1884 1023 1931 enim
1047 1885 1176 1946 apud
1200 1883 1441 1936 Romanos

103 1965 129 1994 e
153 1950 350 1996 succino
374 1950 586 2005 monilia,
625 1950 771 2005 anuli,
799 1951 1001 2005 nummi,
1026 1951 1219 2012 pocula,
1246 1964 1441 2002 auctore

101 2012 258 2061 Plinio
291 2016 381 2062 loc.
414 2016 493 2062 cit.
565 2015 717 2062 Fuere
753 2024 801 2062 et
848 2017 1108 2072 columnas,
1167 2018 1226 2064 de
1266 2021 1440 2082 quibus

102 2077 413 2136 Claudianus,
450 2082 509 2128 de
534 2079 676 2143 Rapt.
703 2080 972 2143 Proserpin.
1003 2081 1041 2128 I.
1082 2083 1186 2128 154.

303 2163 411 2201 Atria
422 2164 539 2214 cingit
555 2162 655 2207 ebur,
682 2162 839 2200 trabibus
860 2162 1029 2201 solidatur
1049 2163 1180 2201 ahenis

304 2214 474 2260 Culmen,
503 2222 539 2252 et
557 2215 593 2252 in
612 2216 726 2252 celsas
745 2224 893 2265 surgunt
911 2215 1045 2252 electra
1062 2216 1263 2255 columnas.

98 2280 307 2329 Transiit
347 2300 540 2346 quoque
580 2286 630 2330 in
675 2286 861 2331 theatra
907 2282 1173 2331 succinum.
1245 2285 1439 2336 Nerone

98 2344 338 2410 Principe.
411 2348 535 2397 Vide
558 2349 786 2405 Plinium,
822 2351 914 2396 loc
943 2352 1023 2397 cit.
1060 2367 1165 2414 cap.
1191 2355 1237 2398 3.

165 2476 219 2503 ³⁹³
256 2476 453 2525 Succum
482 2489 637 2527 tamen
663 2481 928 2544 arborum]
986 2482 1086 2528 Alii
1126 2493 1294 2545 postea
1330 2502 1436 2532 suc-

101 2540 265 2588 cinum
312 2544 434 2593 inter
479 2547 770 2594 bituminum
816 2547 1081 2620 saliumque
1126 2550 1308 2611 species
1353 2568 1436 2598 ana

98 2623 327 2655 numerax
329 2627 430 2668 ere3
469 2629 673 2674 quorum
712 2613 962 2660 sententiae
1000 2614 1155 2661 favere
1189 2616 1438 2664 fidebatur

711 2697 810 2739 02
