1668 3053
399 195 472 236 AD
506 194 684 234 VITAM
723 193 812 231 CN.
838 194 948 232 JUL.
976 192 1278 239 Aomcorffi.
1413 185 1506 233 221

249 298 285 324 ⁸⁸
319 296 494 345 Nostri
515 298 638 345 orbis
656 295 962 360 mensuram]
995 294 1072 342 Sic
1097 310 1290 358 quoque
1315 292 1515 351 Plinius,

184 362 252 409 II.
280 366 356 415 75.
394 364 695 426 longissimus
717 363 888 409 diesin
919 360 1072 408 Italici
1113 362 1336 407 horarum
1378 360 1513 420 quin.-

184 429 358 475 decim:
430 430 478 476 in
522 427 781 477 Britannici
824 426 1165 489 septemdecim,
1226 427 1308 473 ubi
1350 431 1516 472 aestate

184 494 352 541 lucidae
371 502 538 542 noctes.

247 622 285 648 ⁸⁹
321 620 529 683 Brevis]
568 619 710 667 Certe
727 619 934 666 Solstitio
953 618 1002 664 in
1019 619 1231 665 extrema
1249 616 1514 669 Britanniae

181 695 334 750 parte,
369 686 453 732 ubi
476 686 613 748 polus
636 687 846 732 elevatur
868 684 1092 747 gradibus
1127 682 1225 745 583
1256 700 1353 731 nox
1390 685 1518 736 clara

181 759 252 798 est
276 761 323 798 et
344 751 637 807 brevissima,
673 752 740 797 ita
762 758 814 796 ut
833 751 904 797 vel
928 766 1014 812 per
1037 758 1232 796 noctem
1257 749 1518 811 aspiciatur

178 815 298 864 Solis
338 816 512 879 fulgor,
570 819 611 863 le
653 817 932 876 crepuscula
1003 814 1146 861 Unde
1192 813 1365 869 Solem,
1418 832 1518 867 non

177 883 401 930 occidere
415 890 461 930 et
479 898 751 946 exsurgere,
787 881 871 928 sed
893 882 1091 931 transire
1115 879 1448 930 adfirmabant.

240 1016 280 1042 ⁹⁰
315 1014 550 1061 Extrema
567 1017 772 1076 etplana
791 1012 1078 1077 terrm-mn]
1117 1013 1246 1060 Haec
1264 1030 1325 1060 ex
1339 1012 1514 1063 Tacito

179 1081 426 1143 descripsit
462 1081 725 1128 Eumenius
764 1082 814 1127 in
849 1079 1149 1142 Panegyrico
1189 1079 1512 1135 Constantini,

179 1162 285 1207 cap.
312 1145 358 1192 6.
427 1145 554 1192 Vide
592 1145 890 1194 Testimonia
932 1155 1160 1192 veterum.
1253 1144 1344 1191 Sed
1391 1156 1515 1191 errat

176 1210 394 1266 Tacitus,
451 1213 562 1258 cum
599 1213 833 1259 rationem
870 1211 1136 1273 crepusculi
1178 1211 1226 1257 in
1264 1210 1513 1260 Britanniis

178 1278 349 1338 repetit
365 1293 426 1323 ex
442 1294 515 1333 eo,
554 1278 681 1341 quod
705 1277 952 1325 Britannia
975 1277 1033 1322 sit
1052 1286 1263 1322 extrema
1283 1287 1515 1327 terrarum

177 1358 235 1389 ac.
272 1343 436 1404 plana3
491 1360 602 1406 quae
640 1344 839 1406 proinde
874 1342 1103 1389 humilem
1140 1343 1377 1396 umbram,
1415 1358 1513 1393 non

179 1409 286 1454 vero
309 1410 528 1456 tenebras
552 1410 724 1472 erigat:
766 1409 893 1455 unde
917 1424 1013 1454 nox
1040 1407 1167 1453 cadit
1193 1408 1313 1453 infra
1338 1408 1515 1454 caelum

174 1482 222 1520 et
240 1473 408 1529 sidera,
458 1490 719 1538 eorumque
755 1475 840 1521 lux
875 1475 1057 1535 fulgore
1092 1472 1209 1520 Solis
1245 1474 1512 1520 hebetatur.

177 1540 247 1585 At
272 1555 363 1586 nec
387 1539 636 1587 Britannia
660 1549 729 1587 est
768 1549 996 1587 terrarum
1034 1548 1266 1594 extrema,
1323 1554 1414 1586 nec
1453 1555 1513 1589 ex

176 1605 278 1667 ejus
314 1605 529 1666 planitie,
577 1606 660 1653 sed
693 1623 753 1652 ex
789 1605 905 1652 Solis
940 1604 1061 1651 infra
1094 1605 1396 1651 horizontem
1433 1605 1513 1651 de÷

181 1671 440 1732 pressione,
493 1682 540 1719 et
574 1688 806 1734 vaporum
844 1671 1029 1724 natura,
1090 1671 1357 1731 crepusculi
1394 1673 1513 1718 ratio

176 1738 435 1798 repetenda
488 1747 574 1793 est,
643 1746 696 1783 ut
745 1753 806 1784 ex
850 1736 1205 1790 Astronomicis
1263 1737 1512 1798 principiis

176 1811 375 1851 constat.

238 1934 273 1960 ⁹¹
308 1935 513 1990 Aurum,
551 1944 598 1982 et
622 1936 916 2000 argentum]
956 1936 1092 1983 Idem
1121 1944 1320 1983 testatur
1342 1936 1510 1986 Strabo

173 1998 302 2045 Libr.
340 1999 429 2046 IV.
475 2018 588 2064 pag.
637 2005 740 2047 1:38.
836 2001 1027 2048 Falsum
1072 2019 1203 2064 ergO,
1268 2004 1397 2064 quod
1443 2005 1508 2049 ait

155 2063 363 2122 Cicero,
398 2067 461 2113 ad
482 2068 721 2123 Atticum,
762 2067 849 2115 IV.
878 2067 967 2130 Ep.
994 2067 1064 2114 16.
1119 2068 1252 2115 Illud
1269 2069 1504 2131 cognitum

171 2137 242 2177 est
278 2146 424 2193 neque
460 2135 653 2195 argenti
693 2134 965 2193 scrupulum
1015 2150 1109 2179 esse
1150 2135 1294 2179 ullum
1336 2135 1382 2178 in
1426 2134 1509 2180 illd

172 2195 342 2243 insuld.
435 2197 641 2245 Fodinas
691 2201 791 2246 auri
842 2209 889 2246 et
934 2200 1118 2260 argenti
1166 2200 1212 2245 in
1258 2199 1504 2261 provincia

177 2260 514 2317 Cumberland,
564 2266 747 2326 argenti
786 2265 836 2310 in
873 2265 1119 2328 provincia
1144 2266 1294 2319 Flim',
1332 2264 1429 2310 auri
1457 2265 1507 2314 in

165 2325 326 2373 Scotia
377 2338 608 2375 memorat
663 2331 874 2377 eruditus
925 2329 1160 2384 Camden,
1226 2331 1503 2383 Britannia„

170 2408 281 2454 pag.
303 2392 412 2443 692.
438 2394 533 2441 604
558 2403 605 2442 et
626 2397 733 2446 741.
805 2395 953 2445 Quod
976 2397 1322 2442 recentioribus
1347 2396 1503 2442 adhuc

170 2457 511 2520 experimentis
532 2470 844 2523 compertum.
916 2460 1042 2508 Vide
1068 2461 1253 2507 Brz'fislz
1286 2461 1499 2523 Zoologgs.

170 2521 248 2570 De
272 2526 442 2573 ceteris
465 2527 665 2574 metallis
688 2527 824 2583 ferro,
864 2536 1050 2575 stanno,
1101 2529 1190 2573 &a
1230 2527 1340 2573 satis
1371 2542 1499 2572 cmu-

169 2596 370 2655 pertum.
