1668 3053
261 197 333 233 AD
369 195 469 232 LIB.
495 197 567 233 DE
603 197 841 234 MORIBUS
878 196 1275 234 GERMANORUM.
1346 191 1433 234 153

196 298 251 324 2²2
286 298 417 343 Bona
439 296 756 359 ignorantur]
791 297 914 344 Cum
947 297 1159 360 pomaria
1193 315 1287 344 non
1325 314 1436 344 con-

131 371 336 409 sererent
359 361 604 416 Germani,
638 364 864 409 messibus
887 364 1115 416 contenti,
1150 363 1439 410 fructiferum

131 437 411 473 autumnum
458 427 750 487 ignorabant.
839 426 985 475 Nunc
1038 427 1230 490 quidem
1278 444 1439 474 omnes

132 492 347 538 autumni
386 492 563 537 fructus
601 492 729 536 novit
770 490 1046 537 Germania:
1085 501 1243 538 manet
1282 500 1440 539 tamen

133 557 300 603 veteris
347 556 589 601 memoriae
639 556 1022 602 monumentum:
1089 572 1245 617 neque
1292 557 1440 603 ullum

133 622 288 668 adhuc
342 637 516 666 nomen
583 622 793 666 autumni
857 621 1122 682 proprium:
1199 623 1440 668 communi

132 685 364 731 vocabulo
398 685 660 747 appellatur
683 685 881 742 Herbst,
916 686 963 732 id
994 695 1062 732 est
1083 687 1262 740 messis,
1297 701 1442 748 quam

131 764 275 795 unam
304 759 530 796 noverant
555 758 730 796 veteres
760 749 1002 797 Germani.
1072 749 1266 796 Videtur
1284 759 1442 798 autem

132 815 307 875 primos
336 815 604 861 mortalium
641 814 755 860 duas
782 817 967 861 tantum
989 816 1099 861 anni
1123 824 1440 876 tempestates,

133 888 347 925 aestatem
389 890 434 926 et
475 879 694 934 hiemem,
743 881 1021 926 observasse.
1103 879 1244 926 Unde
1277 879 1441 928 Moses

134 943 183 988 in
208 942 385 990 Genesi
404 943 546 990 VIII.
572 947 648 988 92.
716 944 882 990 AEstas
897 952 942 990 et
959 945 1115 999 hiems,
1151 961 1238 990 nox
1261 952 1307 991 et
1330 945 1439 993 dies.

134 1006 322 1055 Deinde
342 1018 450 1064 tres,
486 1024 542 1054 ac
570 1009 761 1054 demum
785 1018 985 1072 quatuor
1006 1011 1118 1056 anni
1140 1018 1442 1073 tempestates

133 1072 402 1120 distinxere.

198 1203 252 1228 2²³
287 1203 436 1249 Nulla
484 1201 716 1265 ambitio]
782 1200 961 1248 Contra
1018 1203 1144 1263 apud
1205 1201 1443 1252 Romanos

132 1267 355 1313 maxima.
425 1266 480 1312 C.
501 1266 725 1313 Caecilius
749 1265 976 1312 Claudius
1001 1268 1447 1326 Isidorusfunerari

132 1348 181 1377 se
207 1334 350 1390 jussit
390 1334 536 1375 Ηςῑι
571 1331 771 1377 Gallieae
812 1339 1019 1377 monetae
1054 1333 1182 1378 libris
1218 1336 1442 1388 913,984.

134 1396 328 1450 Plinius,
363 1396 608 1444 XXXIII.
637 1400 705 1442 10.
765 1395 891 1442 Haee
910 1397 1063 1444 adhuc
1080 1397 1246 1458 privati
1262 1396 1441 1455 funera,

134 1470 183 1507 et
197 1471 305 1508 ante
320 1462 502 1523 imperii
518 1462 695 1507 luxum.
711 1463 714 1465 ’
764 1461 832 1506 At
844 1463 995 1519 periti
1011 1478 1165 1507 rerum
1183 1474 1447 1512 asseverant

132 1527 360 1573 Arabiam
398 1543 485 1572 non
511 1527 652 1585 ferre
689 1533 871 1571 tantum
911 1526 1109 1573 odorum
1136 1542 1284 1573 annuo
1301 1529 1443 1586 fretu,

133 1599 357 1653 quantum
376 1592 505 1638 Nero
527 1593 746 1650 princeps
769 1591 1007 1636 novissimo
1028 1592 1237 1651 Poppae
1257 1608 1350 1638 sure
1373 1595 1447 1641 <lie

133 1658 506 1703 concremaverit.
543 1655 661 1702 Plin.
686 1655 806 1703 XII.
840 1659 908 1700 18.

199 1786 254 1815 ²2⁵*
292 1784 449 1831 Certis
507 1784 686 1849 lignis]
755 1783 944 1835 Quibus
1011 1785 1149 1847 lignis
1213 1787 1442 1849 ignotum.

136 1849 360 1896 Divinare
381 1850 508 1895 haud
523 1859 673 1896 vacat.

200 1981 253 2006 ²²⁵
293 1979 587 2042 Cumulant]
624 1979 690 2025 Ut
709 1997 810 2026 mos
827 1980 914 2026 fuit
929 1980 1055 2042 apud
1076 1978 1329 2037 Romanos,
1365 1985 1444 2045 qui

137 2045 383 2092 funebrem
414 2044 622 2093 Orientis
651 2045 1058 2105 magnificentiam
1088 2047 1295 2092 aemulati
1324 2057 1444 2093 sunt.

121 2108 211 2156 *Sic
247 2111 468 2158 Cornelia
502 2111 550 2156 in
586 2111 825 2156 funeribus
862 2109 1076 2171 Pompeii
1116 2109 1289 2173 RIagui
1321 2113 1446 2174 apud

137 2174 386 2223 Lucanum
415 2175 501 2222 IX.
529 2178 630 2226 175.
1354 2176 1358 2178 “

339 2303 499 2354 Collegit
517 2309 647 2347 vestes,
674 2303 866 2353 miserique
884 2303 1036 2353 insignia
1052 2304 1196 2354 Magni,

339 2357 524 2404 Armaque
537 2361 574 2390 et
592 2355 778 2403 impressas
797 2365 894 2398 auro,
923 2368 1007 2404 quas
1025 2363 1183 2404 gesserat
1199 2355 1286 2394 olim

341 2405 513 2448 Exuvias,
541 2405 724 2454 pictasque
738 2412 850 2454 togas,
881 2405 1057 2441 velamina
1070 2419 1208 2443 summo

336 2456 413 2493 Ter
430 2464 624 2506 conspecta
642 2456 738 2505 Jovi,
766 2455 975 2506 funestoque
992 2455 1108 2502 intulit
1124 2457 1212 2507 igni.

121 2569 255 2617 *Vide
294 2579 340 2616 et
379 2571 504 2632 apud
542 2570 849 2617 Plutarchum
899 2568 952 2617 in'
995 2570 1138 2634 Sylla,
1199 2589 1308 2636 pag.
1342 2574 1448 2625 475.
