1668 3053
226 230 312 273 139.
516 236 677 271 NOTAE
712 233 782 269 ET
817 231 1245 269 EMENDATIONES

287 339 337 364 ms
375 339 589 400 Virgines
605 335 815 396 nubunt]
837 334 1016 381 Contra
1030 335 1136 379 vero
1151 332 1278 393 apud
1293 329 1531 379 Romanos

219 405 268 449 in
291 405 565 450 immensam
589 402 827 449 licentiam
849 400 1154 445 trahebantur
1174 399 1314 459 leges.
1384 396 1529 445 Quod

219 469 277 515 de
299 469 553 516 Thelesina
576 467 784 514 adultera
808 466 1017 528 queritur
1041 462 1276 510 Martialis
1292 460 1337 506 V
1345 462 1382 507 1.
1403 466 1444 514 7.

368 566 466 616 Julia
480 565 537 602 lex
555 563 696 614 populis
715 577 761 600 ex
781 575 865 613 quo,
893 561 1073 605 Faustine,
1101 566 1224 598 renata
1242 567 1308 606 est,

421 617 543 665 Atque
561 616 691 652 intrare
704 615 829 651 domos
839 615 938 664 jussa
951 612 1121 662 pudicitia
1137 619 1206 650 est:

368 667 443 703 Aut
462 667 590 711 minus,
617 673 678 702 aut
694 665 791 703 certe
808 678 879 701 non
899 664 975 713 plus
992 663 1171 700 tricesima
1188 664 1249 701 lux
1266 668 1332 708 est,

420 719 466 754 Et
482 718 577 755 nubit
599 717 741 753 decimo
753 717 829 765 jam
847 714 1045 752 Thelesina
1056 714 1145 752 viro.

369 768 467 813 Quae
480 768 577 805 nubit
596 768 712 811 toties,
740 780 811 804 non
825 766 943 810 nubit3
971 764 1130 802 adultera
1145 765 1228 816 lege
1240 771 1305 802 est.

417 819 595 856 Offendor
607 818 749 856 moecha
763 817 979 868 simpliciore
992 815 1119 853 minus.

212 902 289 948 De
334 903 502 949 eodem
546 908 824 962 argumento
860 899 1008 945 multa
1043 899 1216 960 passim
1253 906 1526 953 occurrunt,

211 968 417 1013 maxime
442 968 567 1030 apud
591 965 864 1014 Martialem
887 973 933 1011 et
955 963 982 1010 J
987 965 1246 1012 uvenalem.

278 1098 328 1125 ¹⁶⁹
371 1100 628 1161 Tamquam
652 1098 1038 1160 matrimonium]
1077 1097 1169 1163 Sic,
1196 1098 1269 1145 vel
1290 1098 1525 1144 exstincto

209 1164 394 1219 marito,
432 1174 663 1226 superstes
694 1166 915 1211 manebat
950 1165 1236 1210 matrimonii
1270 1163 1405 1216 fides,
1439 1179 1526 1224 pro

210 1230 304 1289 qua
320 1230 447 1290 apud
460 1231 707 1276 nonnullas
722 1237 886 1291 gentes
905 1237 1003 1276 erat
1018 1229 1328 1276 moriendum.
1382 1226 1526 1274 Unde

209 1292 252 1350 S.
286 1292 574 1350 Bonffacius,
629 1296 681 1341 in
711 1295 860 1357 Epist.
893 1296 971 1341 cit.
1039 1294 1236 1349 IVz'nedi,
1289 1292 1410 1355 quod
1433 1293 1524 1352 fce-

210 1358 446 1404 dissimum
491 1367 538 1406 et
582 1360 884 1406 deterrimum
930 1375 1074 1422 genus
1116 1359 1363 1414 hominum,
1427 1366 1525 1404 tam

208 1439 375 1486 magno
397 1426 492 1470 :elo
515 1427 861 1472 matrimonium
885 1432 1044 1470 mutuo
1074 1441 1227 1470 amore
1263 1425 1523 1478 observant,

209 1497 264 1534 ut
292 1491 457 1536 mulier
485 1493 585 1537 viro
607 1492 801 1550 proprio
836 1498 1016 1537 mortuo
1047 1490 1200 1535 *cicere
1236 1496 1442 1536 recuset:
1480 1496 1525 1534 et

210 1554 459 1601 laudabilis
492 1557 662 1602 mulier
697 1558 818 1603 inter
856 1556 955 1601 illos
989 1571 1082 1602 esse
1107 1556 1373 1612 jndz'catur‚
1425 1568 1525 1615 quae

202 1619 401 1678 proprisi
426 1638 564 1666 manu
587 1623 677 1667 sibi
699 1630 889 1668 mortem
916 1621 1098 1674 attulit,
1134 1628 1185 1665 ut
1211 1621 1257 1666 in
1281 1617 1374 1667 mni
1393 1627 1524 1665 strue

201 1687 391 1744 pariter
427 1687 594 1733 ardeat
632 1703 733 1733 cum
770 1689 868 1733 viro
902 1702 995 1732 5210.
1066 1684 1144 1730 De
1175 1684 1368 1731 Herulis
1396 1685 1524 1730 idem

208 1751 352 1796 habet
387 1749 663 1814 Procopius,
714 1751 831 1798 Bell.
859 1751 1054 1798 Gothic.
1080 1749 1208 1798 Libr-
1230 1750 1298 1796 ΙΙ.
1369 1748 1524 1796 Cana-

206 1815 371 1862 denses
411 1818 575 1879 populi
613 1817 747 1864 aliter
782 1834 914 1864 suam
954 1816 1002 1862 in
1041 1816 1396 1862 matrimonium
1440 1815 1523 1861 ob-

206 1882 487 1927 servantiam
540 1890 784 1929 testantur,
873 1881 1031 1928 Primo
1078 1881 1204 1926 enim
1249 1880 1525 1941 nuptiarum

206 1961 331 1991 anno
356 1949 483 1992 caste
506 1947 687 2001 vivunt,
723 1955 770 1993 et
800 1948 835 1992 si
868 1964 961 2009 qua
983 1946 1152 1992 mulier
1180 1947 1271 1992 hoc
1299 1945 1525 2006 temporis

205 2011 357 2071 spatio
374 2012 565 2073 gravida
578 2012 778 2067 videtur,
810 2013 868 2058 ab
886 2011 1349 2058 omnibusirridetur.
1401 2007 1525 2056 Vide

205 2074 328 2121 P.de
347 2075 648 2132 Charlevoix,
673 2078 763 2124 loc,
785 2077 864 2123 cit.
917 2077 1086 2122 Lettre
1110 2073 1259 2121 XIX.
1279 2092 1387 2136 pag.
1406 2074 1518 2121 286.

204 2139 279 2186 Sic.
302 2141 659 2188 matrimonium
681 2142 770 2204 ipsi
794 2142 980 2188 barbari
1004 2141 1208 2196 coluere,
1244 2148 1297 2188 ut
1331 2155 1524 2187 omnem

203 2206 410 2252 libidinis
433 2207 751 2269 suspicionem
780 2215 987 2256 amotam
1010 2206 1197 2253 vellent.

270 2336 322 2361 ¹³⁰
356 2336 406 2382 F
406 2336 563 2399 inira]
630 2338 699 2382 At
780 2335 896 2382 nihil
971 2332 1139 2382 Romae
1213 2334 1521 2396 frequentius,

202 2401 412 2446 maxime
448 2403 576 2462 apud
609 2402 774 2450 divites
811 2400 1025 2455 feminaS,
1079 2416 1189 2462 quae
1226 2402 1387 2461 partfis
1432 2399 1522 2445 dis-

204 2466 400 2512 crimina
422 2467 688 2514 horrebant.
758 2464 901 2513 Unde
922 2464 949 2511 J
956 2465 1179 2520 uvenalis,
1218 2463 1307 2510 VI.
1340 2467 1453 2524 593.

307 2610 311 2614 ἡ
356 2561 427 2603 Sed
439 2563 540 2611 jacet
556 2569 680 2604 aurato
692 2562 759 2600 vix
775 2562 843 2602 ulla
860 2574 1040 2612 puerpera
1056 2561 1166 2599 lecto.

305 2615 310 2618 '
353 2613 513 2651 Tamum
533 2621 624 2652 artes
642 2616 754 2666 hujus,
782 2620 918 2651 tantum
934 2613 1176 2650 medicamina
1193 2616 1353 2664 possunt,

356 2663 464 2752 32:21}
471 2666 604 2754 ste-{iles
622 2665 719 2712 facit,
746 2672 853 2717 atque
870 2663 1034 2703 homines
1047 2664 1084 2702 in
1103 2669 1227 2703 ventre
1245 2660 1427 2701 necandos

406 2728 438 2751 *n
469 2730 524 2754 uei
543 2745 552 2754 .
