1668 3053
373 181 445 218 AD
480 178 659 220 v1TAM
697 180 785 218 CN.
813 175 923 219 sut.
949 179 1257 221 AomcoLAE.
1393 177 1491 227 239

156 287 393 342 silvarum,
456 303 568 350 quae
620 287 685 334 ibi
735 286 883 341 fuere,
945 299 1295 352 argumentum.
1366 285 1493 336 Vide

154 354 397 401 eruditum
431 352 649 408 Gordon,
701 354 793 400 loc.
822 355 902 402 cit.

225 471 277 498 ¹⁸⁹
319 469 467 529 Cujus
490 470 801 532 constantias]
849 471 1133 520 Constantia
1169 480 1308 533 parta
1341 471 1495 517 fuerat

159 537 269 584 haec
292 537 505 584 victoria.
577 536 691 587 Qua
727 539 998 586 constantia
1033 546 1082 587 et
1114 537 1329 586 victoriae
1367 537 1494 584 sama

159 603 293 651 ferox
317 604 569 650 exercitus.

228 737 282 763 ¹⁹⁰
316 733 464 781 Modc)
489 736 659 800 cauti]
714 729 815 786 Qui'
847 736 1210 799 regrediendum
1246 735 1365 781 citra
1401 731 1494 780 Bo-

159 801 382 856 dotriam,
419 802 580 863 specie
598 802 926 864 prudentium,
950 802 1110 866 ignavi
1131 801 1493 855 admonuerant,

160 875 216 914 ut
238 867 423 915 dictum
446 876 517 915 est
538 883 644 932 cap.
672 886 774 932 sup.

230 1000 281 1026 ¹⁹¹
316 1000 440 1045 Arte
463 999 595 1046 ducis
620 999 759 1062 rati]
799 999 971 1046 Verius
1004 1005 1110 1044 arte
1137 1014 1183 1043 se
1212 997 1356 1043 *ciclos
1381 997 1496 1051 rati,

162 1073 247 1112 aut
270 1072 378 1111 arte
401 1065 532 1112 ducis
553 1066 780 1126 superati.

232 1195 284 1221 ¹⁹2
327 1193 528 1242 Coetz'bus
575 1212 629 1243 ac
667 1193 955 1257 sacrificiis]
1017 1191 1088 1239 Ut
1123 1209 1228 1239 mos
1264 1200 1334 1239 est
1370 1192 1499 1254 apud

162 1262 404 1308 barbaros.
462 1260 587 1308 Vide
607 1264 749 1324 supra
770 1260 896 1308 Hist.
916 1258 1004 1307 IV.
1030 1262 1100 1306 14.
1139 1257 1265 1305 Vide
1281 1257 1398 1306 Not.
1420 1261 1496 1305 81.

164 1327 226 1373 ad
248 1324 413 1374 Germ.
440 1336 626 1390 partem
649 1328 882 1374 ultimam.
913 1343 1025 1389 pag.
1059 1323 1164 1372 106.
1208 1324 1302 1371 Ed.

231 1461 284 1489 ¹⁹³
326 1460 500 1509 Cohors
525 1458 837 1521 Usipiorum]
867 1456 945 1505 De
961 1455 1143 1519 Usipiis
1157 1455 1342 1503 dictum
1359 1456 1499 1518 supra

166 1526 225 1575 de
248 1525 473 1574 Moribus
497 1524 851 1573 Germanorum
876 1541 981 1586 cap.
1002 1525 1080 1569 32.

232 1659 285 1689 ¹⁹⁴
319 1658 356 1705 Ι
353 1660 541 1705 inmixti
554 1657 846 1720 77zanz'pulz's.]
866 1656 1090 1704 Peditum
1102 1663 1235 1703 erant
1249 1653 1501 1716 manipuli,

164 1734 219 1772 ut
240 1733 414 1772 turmae
439 1727 669 1788 equitum.
741 1723 924 1771 Cohors
946 1726 1055 1770 vero
1079 1721 1329 1783 sexaginta
1351 1720 1502 1766 mani0

164 1793 307 1854 pulis,
366 1802 448 1839 aut
494 1791 839 1845 contuberniis,
898 1790 947 1835 id
982 1798 1052 1835 est
1092 1787 1188 1834 600
1228 1786 1504 1833 hominibus

167 1861 430 1906 constabat.
502 1856 703 1905 Cohorti
748 1865 954 1917 praeerat
995 1853 1227 1901 centurio.
1297 1851 1504 1913 Singulis

164 1925 440 1987 manipulis,
493 1940 577 1970 seu
617 1922 943 1968 contuberniis
980 1918 1278 1981 Usipiorum,
1330 1917 1505 1964 milites

166 1988 372 2038 Romani
408 1990 539 2038 fuere
574 1987 798 2035 immixti.
869 1985 1154 2048 Manipulos
1198 2000 1287 2046 pro
1334 1991 1505 2031 contu·-

166 2056 345 2105 berniis
377 2057 474 2105 dici
504 2064 640 2119 patet
669 2070 729 2101 ex
757 2051 965 2116 Vegetio
991 2052 1059 2098 II.
1093 2054 1164 2097 13.
1236 2050 1336 2096 Alii
1371 2057 1505 2095 erant

168 2124 422 2186 manipuli,
460 2123 542 2186 qui
559 2122 743 2168 duabus
759 2119 1001 2174 centuriiS,
1023 2134 1105 2166 seu
1121 2120 1216 2163 200
1230 2114 1505 2163 hominibus

166 2190 470 2244 constabant,
538 2197 592 2235 ut
645 2188 787 2234 docet
836 2184 1045 2232 Cencius
1093 2183 1222 2247 apud
1272 2180 1504 2235 Gellium,

168 2253 314 2303 XVI.
333 2257 377 2301 4.

237 2380 290 2407 ¹⁹⁵
332 2378 451 2426 Tres
476 2373 775 2438 liburnicam]
813 2374 891 2421 De
925 2374 1171 2421 liburnicis
1194 2373 1299 2436 jam
1321 2371 1507 2433 egimus

170 2448 316 2509 supra
338 2442 678 2493 Annal.XVI.
714 2443 783 2488 14.
853 2440 983 2487 Exin
1026 2440 1185 2487 missae
1235 2438 1506 2489 liburnicae,

171 2511 517 2576 advehiturque
553 2509 754 2574 propere
789 2506 1031 2555 Fosianus.
1087 2506 1217 2553 Ann.
1255 2521 1364 2569 pag.
1395 2501 1503 2556 267,

174 2579 268 2630 Ed.
407 2601 410 2607 ·
