1668 3053
269 176 331 224 44
649 188 693 225 c,
724 189 980 228 CORNELII
1008 191 1197 228 TACITI

266 289 506 335 avaritiam
528 299 740 337 exuerat:
778 308 867 338 nec
893 292 973 347 illi,
1010 293 1138 354 quod
1168 300 1238 339 est
1270 289 1571 342 rarissimum,

264 377 345 417 aut
374 369 571 415 facilitas
602 371 990 428 auctoritateni,⁵⁷
1026 381 1106 419 aut
1124 371 1340 419 severitas
1365 385 1573 416 amorem

260 450 505 496 deminuit.
592 449 921 512 Integritatem
963 462 1105 514 atque
1150 452 1483 499 abstinentiam
1522 451 1572 497 in

260 537 394 577 tanto
436 532 535 577 viro
579 531 761 586 referre,
811 533 982 594 injuria
1019 534 1244 580 virtutum
1275 533 1426 579 fuerit.
1495 530 1574 577 Ne

259 612 428 658 famam
460 611 668 674 quidem,
705 613 782 658 cui
813 614 957 660 etiam
993 630 1122 675 saepe
1158 615 1271 662 boni
1306 613 1572 674 indulgent,

256 692 533 739 ostentanda
548 693 732 746 virtute,
770 701 850 738 aut
864 710 948 754 per
963 702 1109 739 artem
1128 694 1367 756 quaesivit:
1405 691 1571 754 procul

255 771 316 817 ab
354 771 652 818 {emulatione
690 771 906 818 adversus
944 774 1164 835 collegas,
1214 774 1381 836 procul
1405 789 1433 818 a
1456 788 1570 819 con-

254 853 465 899 tentione
518 853 735 898 adversus
786 860 1133 914 procuratores:
1187 863 1234 900 et
1272 855 1460 901 vincere
1499 852 1571 898 in-

253 935 472 997 glorium,
497 945 544 981 et
559 936 696 982 atteri
735 935 1010 982 sordidum⁵⁵³
1040 936 1365 983 arbitrabatur.
1405 934 1574 981 Minus

252 1017 507 1062 triennium
536 1017 586 1061 in
615 1018 668 1063 ea
701 1015 935 1077 legatione
970 1015 1205 1072 detentus,
1241 1033 1296 1064 ac
1326 1017 1486 1063 statim
1508 1016 1569 1063 ad

250 1115 384 1160 spem
398 1099 666 1145 consulatus
684 1105 929 1144 revocatus
948 1106 1032 1153 est,
1065 1100 1324 1146 comitante
1342 1098 1569 1160 opinione

250 1181 544 1228 Britanniam
575 1181 619 1227 ei
652 1179 944 1241 provinciam
968 1180 1091 1226 dari:
1129 1182 1266 1227 nullis
1289 1181 1339 1226 in
1363 1181 1455 1227 hoc
1474 1179 1568 1226 suis

242 1266 555 1320 sermonibus,
582 1265 662 1311 sed
681 1264 793 1326 quia
806 1280 890 1324 par
905 1264 1163 1312 videbatur.
1216 1264 1364 1311 Haud
1383 1277 1567 1324 semper

249 1355 369 1394 errat
392 1346 531 1400 fama,
568 1344 820 1406 aliquando
836 1353 883 1390 et
901 1344 1057 1406 elegit.
1130 1343 1344 1391 Consul³⁹
1359 1344 1565 1406 egregiae

249 1435 351 1473 tum
387 1427 484 1488 spei
524 1424 672 1471 filiam
699 1424 864 1486 juveni
895 1425 1015 1470 mihi
1049 1424 1315 1487 despondit,
1368 1440 1424 1470 ac
1459 1432 1567 1486 post

249 1508 547 1554 consulatum
585 1505 850 1559 collocavit,
901 1514 949 1551 et
979 1505 1135 1551 statim
1159 1504 1421 1553 Britanniae
1443 1521 1569 1567 prae-

247 1589 426 1651 positus
456 1596 544 1641 est,
578 1586 766 1648 adjecto
790 1586 1097 1647 pontificatus
1120 1585 1439 1641 sacerdotiofi}

308 1748 375 1798 X.
415 1748 674 1797 Britanniae
707 1748 847 1795 situm
886 1750 1198 1811 populosque,
1234 1748 1393 1796 multis
1416 1733 1562 1809 scripss

245 1830 457 1876 toribus6¹
474 1838 773 1883 memoratOS,
810 1845 907 1875 non
931 1830 980 1874 in
1005 1830 1408 1891 comparationem
1432 1844 1561 1874 curae

244 1911 479 1972 ingeniive
495 1911 687 1956 referam
700 1931 714 1965 3
735 1910 817 1955 sed
835 1909 947 1970 quia
962 1918 1064 1955 tum
1079 1910 1284 1971 primum
1298 1909 1564 1972 perdomita

241 2001 334 2038 est:
373 1992 532 2052 itaque
561 2008 669 2053 quae
702 1991 880 2051 priores
916 1991 1129 2037 nondum
1171 1998 1433 2052 comperta,
1467 1989 1562 2036 elo-

242 2071 436 2134 quentia
470 2072 762 2132 percoluere,
811 2087 965 2118 rerum
1001 2070 1097 2116 fide
1135 2071 1391 2117 tradentur.
1461 2068 1564 2116 Bri-

240 2156 419 2210 tannia,
478 2156 749 2210 insularum,
802 2171 919 2216 quas
963 2153 1178 2201 Romana
1220 2153 1389 2200 notitia
1430 2169 1561 2200 com-

239 2241 477 2302 plectitur,
513 2241 738 2295 maxima,
781 2241 932 2301 spatio
973 2255 1029 2285 ac
1070 2239 1192 2286 caelo
1228 2239 1277 2284 in
1312 2236 1561 2284 Orientem

239 2320 534 2375 Germania),
562 2322 610 2366 in
625 2320 943 2365 Occidentem
959 2317 1246 2380 Hispaniae62
1261 2316 1557 2371 obtenditur}

237 2400 389 2448 Gallis
433 2402 483 2446 in
527 2400 785 2447 Mericliem
828 2400 974 2446 etiam
1019 2397 1288 2459 inspicitur:
1346 2396 1559 2458 Septem-

235 2482 452 2528 trionalia
489 2482 608 2542 ejus,
658 2480 796 2527 nullis
837 2482 1003 2526 contra
1038 2477 1188 2531 terris,
1244 2484 1374 2523 vasto
1414 2484 1558 2539 atque

234 2572 398 2626 aperto
422 2563 537 2610 mari
563 2563 821 2625 pulsantur.
894 2559 1116 2607 Formam
1131 2558 1275 2607 totius
1298 2556 1557 2615 Britanniae
