1668 3053
148 208 244 259 246
444 217 609 256 κοτε
646 217 719 255 ET
754 217 1194 255 EMENDATIONES

217 323 273 350 2³⁷
308 320 401 370 Res
419 329 465 369 et
483 322 873 382 extremometu]
910 320 1038 367 Vide
1055 319 1211 367 Notas
1235 328 1283 367 et
1306 319 1485 369 Emen-

151 389 368 436 dationes
406 387 467 435 ad
506 403 612 449 cap.
643 389 721 435 34.
809 388 886 434 Ita
923 385 1023 433 ΜΞ.
1053 385 1214 433 Vatic.
1256 387 1401 439 3429.
1437 396 1486 434 et

152 455 348 517 quidem
372 456 497 516 apte.
566 452 766 500 Veteres
783 454 1015 501 editiones
1030 470 1116 515 pro
1135 469 1207 499 res
1223 453 1402 500 habent
1421 454 1484 501 id.

151 519 274 568 Inde
307 519 522 568 Pichena
548 520 836 575 emendavit,
874 520 974 566 ideo
998 527 1205 566 extremo
1230 527 1356 566 melu
1385 537 1486 567 cor-

144 599 285 648 pora.
354 586 430 633 Sic
462 603 535 633 res
557 594 604 633 et
628 602 830 649 corpora
851 586 1134 633 memorarit
1158 584 1336 640 Livius,
1375 588 1489 634 cum

151 650 498 709 Romanorum,
568 652 709 715 capta
748 669 775 699 a
822 650 973 698 Gallis
1024 650 1177 706 Urbe,
1246 653 1491 714 angustias

152 718 468 767 describeret:
540 735 621 766 nec
670 717 811 764 ullius
867 734 1026 765 rerum
1074 734 1270 763 suarum
1314 718 1488 774 relicti,

147 793 325 845 praeter
361 782 500 846 quarm
538 797 803 845 corpor-mn,
840 783 1064 838 vindices,
1114 782 1278 831 Livius
1306 782 1369 829 V.
1409 786 1486 832 42,

152 849 268 898 Not.
290 860 339 898 et
355 850 558 898 Emend.
581 867 690 914 pag.
716 854 827 897 ⁶223.
868 851 960 897 Ed.

218 966 272 992 ²³8
313 967 673 1031 Quinquaginta
705 965 878 1030 annis]
919 965 1076 1015 Aulus
1105 963 1336 1019 Plautius,
1373 981 1490 1015 mox

152 1032 381 1081 Claudius
426 1034 545 1096 ipse,
598 1034 882 1095 Imperator,
920 1030 1250 1078 Britannicam
1291 1033 1489 1094 expedi·

150 1098 332 1145 tionem
364 1115 615 1162 suscepere
647 1116 773 1146 anno
799 1098 947 1146 Urbis
971 1099 1180 1145 conditae
1207 1107 1485 1155 DCCXCVI;

153 1180 210 1210 ac
244 1165 444 1228 proinde
482 1166 542 1212 ad
574 1168 703 1212 hunc
735 1182 915 1212 annum
946 1175 996 1211 U.
1018 1176 1063 1211 C.
1092 1173 1485 1211 DCCCXXXVHI.

152 1240 465 1279 numerantur
487 1233 673 1278 tantum
699 1232 810 1278 anni
838 1232 913 1278 4⁶2.
986 1230 1086 1277 Hic
1119 1247 1232 1292 ergo
1262 1232 1491 1292 quiuqua-

148 1297 286 1360 ginta
304 1300 438 1344 annis
456 1300 583 1346 idem
602 1307 688 1354 est,
727 1315 783 1346 ac
794 1293 956 1359 ferm&
973 1297 1321 1360 quinquaginta
1339 1298 1487 1344 annis.

221 1411 277 1439 ²³⁹
310 1414 354 1461 A
361 1420 411 1459 ut
434 1430 601 1460 causas
625 1412 924 1476 rebellandi]
961 1411 1169 1459 Probate
1196 1426 1352 1458 moras
1378 1412 1490 1458 belli

154 1493 216 1524 ex
238 1478 453 1527 locorum
478 1480 778 1535 difficultate,
829 1495 994 1526 causas
1025 1478 1285 1525 rebellandi
1320 1494 1382 1525 ex
1419 1479 1490 1524 in-

155 1544 367 1592 colarum
400 1545 558 1594 indole
585 1547 728 1594 fuisse
757 1545 1011 1608 profectas.

220 1660 275 1690 ‘²4⁰
312 1661 397 1707 Ila
418 1659 690 1725 disposuit]
729 1659 831 1707 Hic
859 1659 1047 1707 videtur
1073 1659 1214 1706 fuisse
1245 1659 1493 1722 utriusque

154 1728 395 1774 exercitus
446 1728 576 1775 ordO.
666 1726 760 1775 Per
813 1726 996 1774 acclive
1045 1726 1221 1773 montis
1271 1723 1492 1788 Grampii

145 1793 325 1855 jugum
372 1794 648 1856 insurgebat
703 1794 918 1840 maxima
968 1792 1307 1838 Britannorum
1355 1808 1488 1854 pars:

153 1860 364 1922 primum
411 1876 574 1906 eorum
624 1875 799 1921 agmen
848 1858 969 1905 infra
1012 1866 1252 1904 montem:
1324 1873 1491 1904 eorum

156 1926 385 1972 covinarii
436 1935 483 1972 et
530 1927 714 1989 equites
753 1925 912 1972 media
958 1924 1115 1986 campi
1164 1923 1488 1986 complebant.

155 1990 409 2040 Exercitus
449 2001 608 2039 autem
646 1990 850 2037 Romani
886 1991 1041 2037 media
1076 1990 1202 2036 acies
1241 1990 1492 2036 constabat

156 2058 371 2120 peditum
396 2059 599 2114 auxiliis,
638 2074 836 2104 numero
864 2066 975 2104 octo
1002 2056 1233 2103 millibus:
1272 2056 1491 2118 equitum

155 2124 245 2170 tria
267 2125 417 2172 millia
441 2125 665 2172 cornibus
689 2123 862 2172 affusa:
914 2132 1022 2185 post
1051 2122 1229 2168 auxilia
1258 2121 1494 2184 Agricola

154 2191 310 2237 stabat
327 2193 472 2254 pedes
496 2201 607 2237 ante
631 2190 824 2238 vexilla:
863 2191 984 2237 retro
1003 2188 1214 2251 legiones
1234 2186 1487 2244 Romanae,

155 2266 268 2304 ante
310 2259 486 2304 vallum
534 2256 801 2320 dispositae:
873 2256 922 2303 in
978 2255 1225 2318 legionum
1285 2254 1491 2317 vallique

153 2324 398 2380 lateribus,
449 2325 667 2385 equitum
709 2330 914 2385 quatuor
953 2322 1042 2368 alae
1083 2321 1142 2368 ad
1182 2321 1339 2367 subita
1378 2320 1490 2368 belli

154 2399 370 2437 retentae.
441 2391 692 2437 Exercitus
717 2389 788 2435 sui
812 2389 1002 2435 ordines
1026 2387 1213 2434 diduxit
1236 2386 1488 2448 Agricola,

154 2472 217 2503 ne
240 2457 366 2504 frons
384 2458 503 2503 foret
519 2456 778 2519 angustior.
849 2453 1008 2501 Locus
1024 2462 1182 2501 autem
1200 2470 1381 2515 pugnae
1400 2453 1490 2500 fuit

153 2521 204 2569 in
235 2523 480 2584 provincia
511 2522 782 2576 Stralltern,
831 2537 983 2583 prope
1014 2520 1192 2574 locum,
1243 2520 1323 2582 qui
1357 2535 1487 2565 nunc

152 2587 330 2636 dicitur
352 2589 478 2636 Kirlc
501 2590 559 2647 os
589 2588 818 2641 Comerie,
857 2586 1048 2634 Gallice
1077 2585 1276 2649 [Ἐξ-[ὼε
1307 2585 1363 2631 de
1400 2584 1487 2633 Co-

154 2656 311 2701 merz'e.
387 2656 461 2702 Ibi
506 2664 695 2702 exstant
743 2654 900 2700 adhuc
937 2654 1033 2699 duo
1067 2661 1220 2698 castra
1249 2650 1486 2707 Romana,

150 2737 262 2785 quae
295 2722 492 2769 exhibet
520 2722 731 2769 eruditus
763 2719 982 2774 Gordon,
1021 2719 1338 2767 Ilz'nerarz'um
1372 2717 1485 2778 Sep-
