1668 3053
289 218 360 253 AD
390 212 491 254 Lm.
519 217 592 254 DE
627 217 864 255 Momssus
896 216 1293 256 GERMANORUM.
1359 206 1447 256 147

139 317 686 380 ribus'I'nscriptionibus‚
698 333 754 364 ac
769 320 973 365 maxime
985 318 1108 379 apud
1120 316 1207 362 Cll.
1220 315 1445 369 Piranesi‚

137 380 272 439 Gori,
340 392 614 446 ceterosque
664 383 744 445 qui
805 383 1080 445 sepulcralia
1124 380 1448 427 Romanorum

136 457 443 495 monumenta
480 448 775 494 illustravere.
866 447 994 495 Haec
1039 446 1214 493 familia
1253 446 1446 490 urbana.

132 512 246 559 Alia
295 523 394 559 erat
444 513 493 558 in
545 513 666 574 agris
714 512 888 558 familia
944 513 1140 559 rustica:
1210 510 1276 556 ibi
1326 525 1449 555 nova.

137 577 411 632 ministeria,
447 593 569 624 nova
606 577 823 632 nomina,
861 577 910 622 in
932 577 1102 639 quibus
1125 574 1230 637 plus
1253 573 1446 636 quidem

131 642 359 695 utilitatis,
385 642 640 703 plurimum
657 642 811 688 adhuc
826 641 978 687 luxus.
1048 639 1208 689 Quem
1225 655 1446 685 numerus

130 722 366 752 servorum
419 707 642 760 tuebitur,
701 706 811 752 curn
855 704 1117 751 Pedanium
1174 703 1445 749 Secundum

128 771 459 833 quadringenti
494 787 591 817 non
631 770 949 834 protexerint?
1006 768 1135 815 Anu.
1168 767 1303 814 XIV.
1334 784 1441 830 pag.

189 965 245 990 ²¹⁰
287 965 355 1012 Ut
386 965 576 1027 colona]
610 964 846 1012 Colonum
888 964 1072 1010 Gallice
1112 964 1329 1018 dicimus,
1381 980 1441 1009 un

124 1027 354 1076 Fermier.
423 1030 494 1076 At
516 1031 564 1076 in
584 1029 840 1076 Germania
861 1030 1054 1076 colonus
1077 1038 1174 1074 erat
1190 1045 1359 1075 servus.

188 1160 240 1185 ²¹¹
275 1159 521 1205 Hactenus
551 1157 738 1221 paret]
786 1157 924 1204 Licet
962 1175 1117 1205 servus
1154 1158 1280 1219 apud
1321 1158 1439 1206 Ger-

122 1235 287 1270 manos
317 1240 449 1270 suam
479 1225 639 1270 sedem
676 1224 864 1277 habeat,
922 1240 1027 1270 suos
1059 1233 1254 1284 penates
1292 1234 1438 1285 regat,

122 1297 257 1348 paret
283 1296 445 1335 tamen
473 1290 682 1343 domino,
720 1304 809 1334 nec
835 1291 977 1334 habet
1000 1290 1287 1334 libertatem:
1327 1291 1439 1337 hac-

122 1360 259 1400 tenus
304 1370 458 1400 servus
503 1363 586 1400 est.
677 1353 816 1400 Tales
861 1354 989 1400 fuere
1030 1353 1160 1414 apud
1200 1370 1285 1399 nos
1331 1363 1442 1401 ante

119 1426 325 1526 guatuor
342 1418 534 1473 saecula,
566 1435 683 1480 quos
702 1434 873 1473 serVOS,
894 1419 956 1464 les
972 1418 1120 1475 Ser-fs,
1146 1417 1436 1464 dicebamus.

160 1492 289 1529 ostea
305 1481 550 1538 Germani,
577 1481 814 1530 Romanos
831 1483 1018 1538 imitati,
1044 1498 1197 1529 servos
1213 1484 1436 1539 habuere,

120 1547 359 1594 deterioris
417 1548 699 1594 conditionis
711 1568 724 1602 3
793 1558 909 1593 tunc
953 1556 1098 1610 pen'es
1141 1563 1220 1593 eos
1264 1550 1438 1595 mansit

120 1627 356 1659 servorum
401 1629 588 1659 nomen.
678 1613 801 1659 Servi
849 1616 971 1668 vero,
1034 1621 1085 1658 ut
1140 1613 1204 1657 ita
1262 1614 1434 1668 (licam,

121 1677 293 1732 coloni,
329 1677 444 1722 dicti
469 1686 575 1724 sunt
594 1677 715 1723 Lidi.
788 1676 899 1724 Hoc
924 1692 1160 1723 servorum
1184 1677 1435 1725 discrimen

118 1750 251 1804 patet
289 1757 349 1788 ex
385 1741 516 1801 Lege
555 1741 722 1796 Salica,
772 1741 868 1788 Tit.
900 1740 1057 1788 XXX.
1101 1752 1147 1787 et
1197 1758 1257 1788 ex
1305 1742 1435 1805 Lege

119 1806 398 1872 Frisionum,
434 1803 658 1854 Tit.XV.

181 1937 235 1963 ’Μ
278 1937 408 1985 Uxor
431 1926 486 1983 ilc
509 1936 687 2002 liberi]
726 1938 804 1983 Ac
827 1937 1024 1999 proinde
1041 1952 1137 1995 non
1156 1937 1432 1999 indigebant

115 2018 352 2048 servorum
373 2011 654 2049 munsterus.

179 2129 232 2155 ²¹³
267 2126 511 2188 I-mpzcn2‘.'l
533 2127 646 2174 Non
661 2129 856 2191 impune
872 2130 1117 2177 inimicum
1127 2133 1428 2188 occidebant,

115 2194 348 2257 siquidem
382 2194 692 2240 homicidium
722 2211 920 2241 numero
950 2211 1178 2258 pecorum
1208 2199 1425 2244 lueretur.

113 2258 259 2307 Suum
282 2261 390 2305 vero
413 2275 596 2305 servum
621 2259 840 2305 occidere
862 2261 1058 2322 impune
1093 2271 1203 2308 erat.
1272 2263 1360 2309 Sed
1392 2265 1428 2309 si

115 2325 218 2385 quis
254 2325 459 2371 alienum
498 2339 680 2370 servum
718 2325 991 2380 occideret,
1018 2337 1133 2373 tunc
1157 2327 1429 2373 solvendum

114 2397 215 2435 erat
235 2389 353 2437 servi
376 2387 571 2435 domino
600 2389 818 2450 pretium.
891 2391 1011 2437 Inde
1033 2392 1082 2436 in
1108 2391 1236 2453 Lege
1258 2391 1428 2446 Salios,

112 2452 207 2499 Tit.
225 2453 312 2501 XI.
338 2454 428 2514 leg.
446 2457 489 2498 2.
541 2452 599 2498 Si
619 2457 722 2515 quis·
745 2455 944 2500 alienum
967 2457 1426 2515 servumfuraveriz‘,

113 2525 199 2564 out
245 2518 486 2573 occiderit,
541 2526 625 2564 aut
661 2519 891 2574 venderis,
950 2529 1035 2566 aut
1057 2523 1314 2584 'inge-nuum
1358 2522 1427 2567 di-

112 2583 309 2639 miserit,
360 2590 406 2629 et
450 2584 495 2628 ei
515 2583 677 2640 fuerit
722 2583 1048 2641 adprobatum,
1087 2584 1241 2633 MAI-⁴13.
1278 2597 1426 2633 THEV

737 2669 829 2710 ΕΩ
