1668 3053
196 268 228 313 Ε
578 277 625 312 C.
648 276 905 316 CORNELII
931 282 1119 319 TACITI

194 381 447 440 corpora,³2⁵
496 389 543 426 et
576 383 759 428 tantum
782 383 842 429 ad
863 383 1094 444 impetum
1117 383 1288 431 valida:
1332 385 1503 434 laboris

192 469 335 521 atque
370 477 564 523 operum
599 478 695 508 non
724 463 888 509 eadem
922 463 1172 524 patientia:
1210 464 1501 527 minimeque

191 543 315 590 sitim
354 553 617 606 aestumque
638 544 851 599 tolerare,
907 544 1079 606 frigora
1113 554 1256 607 atque
1293 546 1499 593 inediam

190 627 310 673 caelo
332 627 487 672 solove
510 626 832 673 adsueverunt.

204 836 207 839 ¹
250 785 309 833 V.
347 786 508 842 Terra,
525 788 610 834 etsi
626 788 865 849 aliquanto
882 786 1040 849 specie
1054 787 1226 842 differt,
1244 787 1292 833 in
1311 787 1495 834 univer-

184 889 287 919 sum
323 881 482 918 tamen
520 883 600 919 aut
617 873 740 919 silvis
758 872 961 927 horrida,
982 882 1062 918 aut
1077 872 1328 934 paludibus
1344 871 1491 919 foeda:

181 953 433 1007 humidior,
451 955 545 1014 quii
569 951 764 1006 Gallias,
787 953 1038 1006 ventosior,
1064 955 1160 1014 qua
1176 951 1408 998 Noricum
1434 968 1490 999 ac

180 1032 471 1079 Pannoniam
484 1034 653 1095 aspicit
666 1034 715 1079 :³³
730 1034 838 1080 satis
853 1033 999 1087 ferax,
1016 1033 1342 1095 frugiferarum
1358 1034 1492 1080 arbo-

177 1131 280 1161 rum
296 1113 602 1175 iinpatiens‚³⁶
618 1130 845 1175 pecorum
866 1114 1085 1167 secunda,
1118 1113 1199 1160 sed
1213 1113 1492 1176 plerumque

175 1194 500 1254 improcera:37
541 1210 600 1239 ne
624 1193 847 1239 armentis
870 1193 1062 1254 quidem
1084 1209 1193 1239 suus
1206 1193 1373 1248 honor,
1410 1201 1492 1240 aut

174 1275 323 1338 gloria
352 1274 536 1320 frontis:
585 1289 781 1320 numero
819 1273 1049 1335 gaudent:
1091 1279 1259 1335 eaeque
1293 1273 1406 1319 solae
1440 1280 1490 1320 et

170 1356 448 1419 gratissimae
465 1372 578 1417 opes
594 1356 716 1401 sunt'.
766 1355 1038 1417 Argentum
1051 1362 1099 1401 et
1113 1370 1279 1401 aurum
1292 1354 1486 1418 propitii

171 1455 232 1485 an
266 1438 369 1484 irati
412 1438 477 1484 dii
516 1437 806 1499 negaverint,
847 1436 1026 1483 dubito.
1072 1434 1203 1483 .Nec
1226 1444 1385 1484 tamen
1402 1436 1485 1483 ad-

169 1518 489 1567 firmaverim³⁸
511 1519 689 1565 nullam
724 1517 997 1564 Germaniae
1032 1534 1202 1564 venam
1236 1525 1485 1579 argentum

168 1615 394 1647 aurumve
411 1598 627 1661 gignere:
669 1598 775 1659 quis
805 1598 932 1644 enim
962 1605 1194 1645 scrutatus
1227 1597 1327 1645 est?
1373 1613 1482 1660 pos·

166 1680 369 1727 sessione
407 1687 455 1726 et
487 1696 576 1725 usu
611 1679 739 1725 haud
775 1679 971 1741 perinde
1010 1677 1311 1727 adficiuntur.
1395 1678 1481 1726 Est

164 1760 320 1808 videre
356 1759 484 1821 apud
513 1759 615 1806 illos
650 1769 873 1821 argentea
902 1775 1025 1814 vasa,
1072 1758 1238 1820 legatis
1267 1766 1314 1806 et
1348 1758 1477 1820 prin-

164 1841 350 1903 cipibus
377 1855 540 1886 eorum
572 1838 755 1886 muneri
776 1839 902 1894 data,
947 1838 1112 1885 nonin
1134 1838 1226 1884 alia
1245 1837 1481 1894 vilitate,³⁹

162 1925 310 1985 quam
325 1937 435 1983 quae
451 1922 597 1979 humo
629 1919 896 1981 finguntur:
946 1935 1237 1982 quamquam
1269 1920 1474 1981 proximi

161 1990 223 2052 ob
258 2018 397 2048 usum
433 1999 825 2048 commerciorum
863 2015 1028 2046 aurum
1059 2007 1107 2046 et
1143 2007 1392 2061 argentum
1427 2001 1477 2047 in

139 2144 141 2146 q
158 2084 311 2148 pretio
326 2085 519 2139 habent,
543 2084 808 2144 formasque
822 2082 1049 2145 quasdam
1062 2090 1235 2130 nostrae
1250 2083 1471 2144 pecuniae

158 2174 441 2229 agnoscunt,
494 2172 636 2227 atque
674 2162 877 2224 eligunt:
928 2162 1176 2210 'interiores
1211 2162 1471 2224 simplicius

154 2256 203 2295 et
267 2245 505 2307 antiquius
560 2243 906 2305 permutatione
960 2244 1192 2290 mercium
1254 2251 1465 2291 utuntur.

154 2329 415 2378 Pecuniam
428 2330 630 2390 probant
644 2335 865 2382 veterem,
881 2336 928 2373 et
945 2327 1026 2374 diu
1039 2333 1218 2380 notam,
1243 2325 1466 2382 Serratos3

154 2410 495 2473 Bigatosquefl⁰
571 2408 843 2469 Argentum
878 2423 1069 2469 quoque
1101 2407 1268 2469 magis,
1312 2411 1466 2471 'quam

152 2508 320 2540 aurum
354 2490 665 2552 sequuntur,4¹
717 2488 846 2534 nulla
881 2487 1133 2536 affectione
1166 2488 1329 2543 animi,
1381 2490 1464 2537 sed

152 2573 264 2635 quia
284 2587 505 2619 numerus
528 2577 859 2630 argenteorum
893 2568 1074 2618 facilior
1107 2570 1212 2617 usui
1250 2577 1320 2618 est
1351 2585 1460 2632 pro-

148 2652 328 2701 miscua
363 2667 418 2698 ac
446 2649 555 2698 vilia
586 2650 919 2698 mercantibuS.
