1668 3053
286 224 357 262 An
392 224 491 261 mn.
518 216 590 260 m:
625 223 860 261 moninus
897 214 1291 262 GERMANORUM.
1351 202 1438 255 163

146 326 282 388 ginta
314 335 362 373 et
395 333 584 373 centurn
609 324 796 372 circiter
816 328 920 387 post
942 324 1075 370 annis
1110 337 1216 368 cum
1242 319 1442 367 Cherus-

145 405 308 437 corum
344 391 413 439 cis
450 387 708 451 Visurgim,
758 389 799 436 Ie
848 390 1019 443 Wecer,
1055 387 1276 448 reliquiis,
1335 401 1446 432 cum

143 455 388 510 Attuariis,
399 453 665 508 sicambris,
681 452 946 507 (Thamaris,
963 451 1212 504 Bructeris,
1223 450 1445 504 ChauciS,

148 515 426 566 Francicum
481 518 632 565 foedus
689 518 851 573 iniere,
918 518 1147 580 victisque
1207 513 1445 567 RomaniS,

148 582 324 631 Gallias
358 599 664 645 occupavere.
734 584 854 631 Inde
893 583 1030 629 nobis
1072 597 1258 629 nomen.
1330 579 1448 625 Inde

145 664 309 696 mores.
379 647 498 695 Inde
519 648 660 711 leges.

208 777 261 804 ‘⁶²⁶⁷
301 777 490 825 Certum
496 779 597 836 jam
616 776 780 840 alvea]
804 775 878 823 Ita
890 776 1037 824 latum
1050 776 1447 838 profundumque,

145 849 198 887 ut
220 844 364 903 possit
388 859 486 890 esse
508 844 750 897 terminus,
786 858 873 889 nec
905 843 1133 904 praesidiis
1170 840 1450 897 custodiisve

146 904 367 968 indigeat.

210 1034 265 1060 ²⁶⁸
307 1035 462 1095 Usipii
483 1051 537 1082 ac
567 1034 825 1097 Tencteri]
886 1034 1120 1083 Bellorum
1163 1052 1452 1099 casuumque

147 1100 370 1147 societate
389 1100 650 1162 conjuncti,
686 1101 872 1148 sedibus
894 1102 986 1148 suis
1004 1102 1064 1148 ad
1081 1099 1296 1149 Rhenum
1313 1103 1452 1164 paulo

146 1163 265 1211 infra
282 1163 669 1228 Mogontiacum,
697 1164 938 1226 Mayence,
975 1166 1085 1212 olim
1109 1183 1137 1212 a
1159 1166 1308 1213 Cattis
1331 1165 1452 1228 pulsi

145 1228 341 1276 fuerant.
411 1227 746 1290 Menapiorum
764 1230 895 1277 sedes
911 1240 1038 1277 trans
1056 1231 1217 1293 cisque
1235 1229 1452 1277 Rhenum

147 1309 456 1356 occupavere,
491 1305 542 1341 ut
559 1295 697 1341 docet
713 1294 740 1341 J
747 1295 807 1342 ul.
826 1294 1003 1350 Caesar,
1041 1294 1154 1342 Bell.
1174 1295 1279 1342 Gal.
1304 1294 1388 1342 IV.
1410 1296 1448 1344 Ι.

147 1367 194 1404 et
245 1375 373 1422 seqq.
463 1359 683 1407 Adversis
746 1360 900 1407 adhuc
945 1361 1130 1408 casibus
1175 1361 1451 1416 conflictati,

148 1421 492 1471 Sicambrorum
541 1425 601 1471 ab
645 1425 883 1486 Augusto.
949 1423 1127 1472 Tiberii
1171 1427 1334 1481 ductu,
1387 1428 1453 1474 cis

148 1485 363 1535 Rhenum
400 1497 785 1544 transvectorum,
839 1505 974 1551 agros
1017 1491 1278 1545 obtinuere,
1326 1507 1452 1538 nunc

149 1553 212 1599 les
227 1555 388 1600 comtes
409 1553 464 1600 de
482 1555 624 1618 Berg,
649 1554 814 1610 fllark,
839 1554 978 1615 λψρ,
1008 1554 1216 1611 Ῑῑάῖᾱεῖτ,
1237 1554 1453 1603 ἰἘι-ἔείιὲ

150 1617 207 1664 de
221 1619 509 1666 Paderborn.

212 1748 266 1775 ‘²⁵⁹
302 1748 430 1858 {qui
466 1747 761 1810 traduntur]
822 1745 890 1794 Ut
924 1748 1029 1811 jam
1071 1748 1271 1798 vidimus
1315 1753 1454 1814 supra

151 1817 293 1875 eap.1
337 1851 344 1859 .

213 1943 268 1969 ²⁷⁰
302 1942 562 2004 Bructeri]
602 1940 732 1989 Olim
767 1942 1036 1989 habitavere
1067 1943 1188 1990 inter
1218 1941 1452 2003 Rhenum,

150 2005 404 2069 Luppiam,
442 2009 487 2054 [α
515 2008 681 2068 Lippe,
718 2007 967 2061 Amisiam,
1005 2006 1169 2063 l’Ems,
1205 2018 1251 2055 et
1286 2008 1455 2061 Frisios

153 2072 198 2117 la
221 2072 373 2128 Frise,
408 2073 490 2119 ubi
527 2089 654 2118 nuuc
692 2073 737 2119 la
785 2070 1062 2130 I'Vestphalie
1085 2080 1131 2118 et
1161 2074 1451 2123 Ozcer-Issel.

151 2135 400 2184 Bructeros
439 2154 466 2183 a
502 2138 710 2184 Broelcen
738 2149 784 2185 et
812 2137 1040 2191 Brzcclzen,
1077 2154 1158 2183 seu
1188 2139 1453 2201 paludibus,

150 2217 259 2263 quae
285 2203 349 2248 ibi
373 2203 635 2264 frequentes
673 2213 820 2257 erant,
870 2201 1020 2248 dictos
1047 2202 1185 2249 fuisse
1220 2205 1457 2252 existimat

150 2265 425 2330 C1.A1ting‚
460 2267 613 2314 Notis.
639 2266 856 2314 German.
875 2265 1025 2324 [πίεν.
1044 2283 1153 2328 pag.
1173 2273 1248 2315 ΞΟ.
1286 2266 1457 2317 Multis

149 2333 366 2378 adversus
417 2331 653 2379 Romanos
702 2333 880 2394 proeliis
927 2340 974 2377 et
1024 2329 1185 2379 Civilis
1234 2335 1458 2384 societate

151 2397 398 2451 nobilitati,
435 2406 486 2443 ut
509 2413 637 2460 saepe
662 2398 858 2445 vidimus
882 2397 1021 2457 supra
1042 2396 1092 2441 in
1118 2398 1379 2445 Annalium
1411 2409 1458 2447 et

151 2459 468 2508 Historiarum
524 2463 670 2517 libris,
716 2460 1018 2524 'superbiere
1122 2461 1235 2510 Ideo
1294 2463 1457 2512 vicinis

150 2526 416 2573 nationibus
431 2529 578 2582 exosi,
603 2528 789 2574 sedibus
804 2526 897 2573 suis
910 2525 1032 2586 pulsi
1046 2536 1169 2583 sunt,
1201 2543 1257 2574 ac
1273 2529 1458 2590 penitus

149 2605 309 2637 excisi.

748 2681 786 2716 M
823 2673 851 2714 2>
